[
  {
    "categoria": "Jamón cocido, lacón, fiambres y mortadela",
    "nombre": "Bacon en tiras Nuestra Alacena de Dia bandeja 2 x 100 g",
    "precio_unitario": "1,76 €",
    "precio_por_unidad": "(8,80 €/kg)",
    "imagen": "https://www.dia.es/product_images/273750/273750_ISO_0_ES.jpg?imwidth=392"
  },
  {
    "categoria": "Jamón cocido, lacón, fiambres y mortadela",
    "nombre": "Pechuga de pavo Nuestra Alacena de Dia sobre 2 x 200 g",
    "precio_unitario": "3,30 €",
    "precio_por_unidad": "(8,25 €/kg)",
    "imagen": "https://www.dia.es/product_images/273810/273810_ISO_0_ES.jpg?imwidth=392"
  },
  {
    "categoria": "Jamón cocido, lacón, fiambres y mortadela",
    "nombre": "Jamón cocido extra Nuestra Alacena de Dia sobre 2 x 225 g",
    "precio_unitario": "3,45 €",
    "precio_por_unidad": "(7,67 €/kg)",
    "imagen": "https://www.dia.es/product_images/273957/273957_ISO_0_ES.jpg?imwidth=392"
  },
  {
    "categoria": "Jamón cocido, lacón, fiambres y mortadela",
    "nombre": "Jamón cocido extra bajo en sal Nuestra Alacena de Dia sobre 200 g",
    "precio_unitario": "1,99 €",
    "precio_por_unidad": "(9,95 €/kg)",
    "imagen": "https://www.dia.es/product_images/273736/273736_ISO_0_ES.jpg?imwidth=392"
  },
  {
    "categoria": "Jamón cocido, lacón, fiambres y mortadela",
    "nombre": "Bacon en lonchas Nuestra Alacena de Dia sobre 200 g",
    "precio_unitario": "1,99 €",
    "precio_por_unidad": "(9,95 €/kg)",
    "imagen": "https://www.dia.es/product_images/273749/273749_ISO_0_ES.jpg?imwidth=392"
  },
  {
    "categoria": "Jamón cocido, lacón, fiambres y mortadela",
    "nombre": "Mortadela con aceitunas Nuestra Alacena de Dia sobre 250 g",
    "precio_unitario": "1,25 €",
    "precio_por_unidad": "(5,00 €/kg)",
    "imagen": "https://www.dia.es/product_images/273961/273961_ISO_0_ES.jpg?imwidth=392"
  },
  {
    "categoria": "Jamón cocido, lacón, fiambres y mortadela",
    "nombre": "Mortadela Nuestra Alacena de Dia sobre 250 g",
    "precio_unitario": "1,25 €",
    "precio_por_unidad": "(5,00 €/kg)",
    "imagen": "https://www.dia.es/product_images/273960/273960_ISO_0_ES.jpg?imwidth=392"
  },
  {
    "categoria": "Jamón cocido, lacón, fiambres y mortadela",
    "nombre": "Jamón cocido extra 97% carne Nuestra Alacena de Dia sobre 150 g",
    "precio_unitario": "1,99 €",
    "precio_por_unidad": "(13,27 €/kg)",
    "imagen": "https://www.dia.es/product_images/273737/273737_ISO_0_ES.jpg?imwidth=392"
  },
  {
    "categoria": "Jamón cocido, lacón, fiambres y mortadela",
    "nombre": "Jamón de pavo Nuestra Alacena de Dia sobre 200 g",
    "precio_unitario": "1,48 €",
    "precio_por_unidad": "(7,40 €/kg)",
    "imagen": "https://www.dia.es/product_images/273733/273733_ISO_0_ES.jpg?imwidth=392"
  },
  {
    "categoria": "Jamón cocido, lacón, fiambres y mortadela",
    "nombre": "Jamón cocido extra Elpozo 1954 sobre 150 g",
    "precio_unitario": "2,00 €",
    "precio_por_unidad": "(13,33 €/kg)",
    "imagen": "https://www.dia.es/product_images/146710/146710_ISO_0_ES.jpg?imwidth=392"
  },
  {
    "categoria": "Jamón cocido, lacón, fiambres y mortadela",
    "nombre": "Pechuga de pavo braseado Campofrío sobre 75 g",
    "precio_unitario": "1,00 €",
    "precio_por_unidad": "(13,33 €/kg)",
    "imagen": "https://www.dia.es/product_images/300740/300740_ISO_0_ES.jpg?imwidth=392"
  },
  {
    "categoria": "Jamón cocido, lacón, fiambres y mortadela",
    "nombre": "Pechuga de pavo 90% carne Nuestra Alacena de Dia sobre 120 g",
    "precio_unitario": "2,19 €",
    "precio_por_unidad": "(18,25 €/kg)",
    "imagen": "https://www.dia.es/product_images/273965/273965_ISO_0_ES.jpg?imwidth=392"
  },
  {
    "categoria": "Jamón cocido, lacón, fiambres y mortadela",
    "nombre": "Lacón ahumado Nuestra Alacena de Dia sobre 150 g",
    "precio_unitario": "1,79 €",
    "precio_por_unidad": "(11,93 €/kg)",
    "imagen": "https://www.dia.es/product_images/303491/303491_ISO_0_ES.jpg?imwidth=392"
  },
  {
    "categoria": "Jamón cocido, lacón, fiambres y mortadela",
    "nombre": "Fiambre de york Elpozo sobre 300 g",
    "precio_unitario": "2,00 €",
    "precio_por_unidad": "(6,67 €/kg)",
    "imagen": "https://www.dia.es/product_images/137167/137167_ISO_0_ES.jpg?imwidth=392"
  },
  {
    "categoria": "Jamón cocido, lacón, fiambres y mortadela",
    "nombre": "Pechuga de pavo bajo en sal Nuestra Alacena de Dia sobre 200 g",
    "precio_unitario": "1,87 €",
    "precio_por_unidad": "(9,35 €/kg)",
    "imagen": "https://www.dia.es/product_images/273731/273731_ISO_0_ES.jpg?imwidth=392"
  },
  {
    "categoria": "Jamón cocido, lacón, fiambres y mortadela",
    "nombre": "Cabeza de jabalí Nuestra Alacena de Dia sobre 150 g",
    "precio_unitario": "1,69 €",
    "precio_por_unidad": "(11,27 €/kg)",
    "imagen": "https://www.dia.es/product_images/300354/300354_ISO_0_ES.jpg?imwidth=392"
  },
  {
    "categoria": "Jamón cocido, lacón, fiambres y mortadela",
    "nombre": "Chopped pork Nuestra Alacena de Dia sobre 250 g",
    "precio_unitario": "1,39 €",
    "precio_por_unidad": "(5,56 €/kg)",
    "imagen": "https://www.dia.es/product_images/273959/273959_ISO_0_ES.jpg?imwidth=392"
  },
  {
    "categoria": "Jamón cocido, lacón, fiambres y mortadela",
    "nombre": "Pechuga de pavo Elpozo sobre 80 g",
    "precio_unitario": "1,00 €",
    "precio_por_unidad": "(12,50 €/kg)",
    "imagen": "https://www.dia.es/product_images/302289/302289_ISO_0_ES.jpg?imwidth=392"
  },
  {
    "categoria": "Jamón cocido, lacón, fiambres y mortadela",
    "nombre": "Pechuga de pollo braseado Nuestra Alacena de Dia sobre 200 g",
    "precio_unitario": "2,15 €",
    "precio_por_unidad": "(10,75 €/kg)",
    "imagen": "https://www.dia.es/product_images/274101/274101_ISO_0_ES.jpg?imwidth=392"
  },
  {
    "categoria": "Jamón cocido, lacón, fiambres y mortadela",
    "nombre": "Jamón cocido Elpozo sobre 80 g",
    "precio_unitario": "1,00 €",
    "precio_por_unidad": "(12,50 €/kg)",
    "imagen": "https://www.dia.es/product_images/298369/298369_ISO_0_ES.jpg?imwidth=392"
  },
  {
    "categoria": "Jamón cocido, lacón, fiambres y mortadela",
    "nombre": "Bacon Oscar mayer sobre 150 g",
    "precio_unitario": "2,29 €",
    "precio_por_unidad": "(15,27 €/kg)",
    "imagen": "https://www.dia.es/product_images/67934/67934_ISO_0_ES.jpg?imwidth=392"
  },
  {
    "categoria": "Jamón cocido, lacón, fiambres y mortadela",
    "nombre": "Magro de cerdo cocido Nuestra Alacena de Dia lata 200 g",
    "precio_unitario": "2,35 €",
    "precio_por_unidad": "(11,75 €/kg)",
    "imagen": "https://www.dia.es/product_images/66118/66118_ISO_0_ES.jpg?imwidth=392"
  },
  {
    "categoria": "Jamón cocido, lacón, fiambres y mortadela",
    "nombre": "Mortadela ibérica Legado Ibérico bandeja 150 g",
    "precio_unitario": "2,00 €",
    "precio_por_unidad": "(13,33 €/kg)",
    "imagen": "https://www.dia.es/product_images/30591/30591_ISO_0_ES.jpg?imwidth=392"
  },
  {
    "categoria": "Jamón cocido, lacón, fiambres y mortadela",
    "nombre": "Paleta cocida Nuestra Alacena de Dia sobre 180 g",
    "precio_unitario": "1,99 €",
    "precio_por_unidad": "(11,06 €/kg)",
    "imagen": "https://www.dia.es/product_images/303612/303612_ISO_0_ES.jpg?imwidth=392"
  },
  {
    "categoria": "Jamón cocido, lacón, fiambres y mortadela",
    "nombre": "Pechuga de pollo + proteínas Elpozo Bienstar sobre 130 g",
    "precio_unitario": "2,00 €",
    "precio_por_unidad": "(15,38 €/kg)",
    "imagen": "https://www.dia.es/product_images/301986/301986_ISO_0_ES.jpg?imwidth=392"
  },
  {
    "categoria": "Jamón cocido, lacón, fiambres y mortadela",
    "nombre": "Pechuga de pavo + proteínas Elpozo Bienstar sobre 130 g",
    "precio_unitario": "2,00 €",
    "precio_por_unidad": "(15,38 €/kg)",
    "imagen": "https://www.dia.es/product_images/301985/301985_ISO_0_ES.jpg?imwidth=392"
  },
  {
    "categoria": "Jamón cocido, lacón, fiambres y mortadela",
    "nombre": "Jamón cocido extra reducido en sal Nuestra Alacena de Dia sobre 150 g",
    "precio_unitario": "1,99 €",
    "precio_por_unidad": "(13,27 €/kg)",
    "imagen": "https://www.dia.es/product_images/301086/301086_ISO_0_ES.jpg?imwidth=392"
  },
  {
    "categoria": "Jamón cocido, lacón, fiambres y mortadela",
    "nombre": "Pechuga de pavo bajo en grasa y reducido en sal Nuestra Alacena de Dia 500 g",
    "precio_unitario": "3,99 €",
    "precio_por_unidad": "(7,98 €/kg)",
    "imagen": "https://www.dia.es/product_images/300613/300613_ISO_0_ES.jpg?imwidth=392"
  },
  {
    "categoria": "Jamón cocido, lacón, fiambres y mortadela",
    "nombre": "Jamón cocido extra Nuestra Alacena de Dia sobre 250 g",
    "precio_unitario": "2,25 €",
    "precio_por_unidad": "(9,00 €/kg)",
    "imagen": "https://www.dia.es/product_images/300419/300419_ISO_0_ES.jpg?imwidth=392"
  },
  {
    "categoria": "Jamón cocido, lacón, fiambres y mortadela",
    "nombre": "Chopped lata Nuestra Alacena de Dia Dia sobre 150 g",
    "precio_unitario": "1,49 €",
    "precio_por_unidad": "(9,93 €/kg)",
    "imagen": "https://www.dia.es/product_images/300126/300126_ISO_0_ES.jpg?imwidth=392"
  },
  {
    "categoria": "Jamón cocido, lacón, fiambres y mortadela",
    "nombre": "Jamón cocido extra Nuestra Alacena de Dia sobre 200 g",
    "precio_unitario": "1,99 €",
    "precio_por_unidad": "(9,95 €/kg)",
    "imagen": "https://www.dia.es/product_images/298528/298528_ISO_0_ES.jpg?imwidth=392"
  },
  {
    "categoria": "Jamón cocido, lacón, fiambres y mortadela",
    "nombre": "Pavo trufado con pistachos Serrano sobre 150 g",
    "precio_unitario": "1,79 €",
    "precio_por_unidad": "(11,93 €/kg)",
    "imagen": "https://www.dia.es/product_images/296598/296598_ISO_0_ES.jpg?imwidth=392"
  },
  {
    "categoria": "Jamón cocido, lacón, fiambres y mortadela",
    "nombre": "Jamón cocido extra braseado Nuestra Alacena de Dia sobre 150 g",
    "precio_unitario": "2,25 €",
    "precio_por_unidad": "(15,00 €/kg)",
    "imagen": "https://www.dia.es/product_images/296230/296230_ISO_0_ES.jpg?imwidth=392"
  },
  {
    "categoria": "Jamón cocido, lacón, fiambres y mortadela",
    "nombre": "Chopped pork Nuestra Alacena de Dia 500 g",
    "precio_unitario": "2,25 €",
    "precio_por_unidad": "(4,50 €/kg)",
    "imagen": "https://www.dia.es/product_images/274755/274755_ISO_0_ES.jpg?imwidth=392"
  },
  {
    "categoria": "Jamón cocido, lacón, fiambres y mortadela",
    "nombre": "Mortadela Nuestra Alacena de Dia 500 g",
    "precio_unitario": "1,99 €",
    "precio_por_unidad": "(3,98 €/kg)",
    "imagen": "https://www.dia.es/product_images/274754/274754_ISO_0_ES.jpg?imwidth=392"
  },
  {
    "categoria": "Jamón cocido, lacón, fiambres y mortadela",
    "nombre": "Pechuga de pollo Nuestra Alacena de Dia sobre 200 g",
    "precio_unitario": "1,99 €",
    "precio_por_unidad": "(9,95 €/kg)",
    "imagen": "https://www.dia.es/product_images/274104/274104_ISO_0_ES.jpg?imwidth=392"
  },
  {
    "categoria": "Jamón cocido, lacón, fiambres y mortadela",
    "nombre": "Pechuga de pavo braseado Nuestra Alacena de Dia sobre 200 g",
    "precio_unitario": "2,39 €",
    "precio_por_unidad": "(11,95 €/kg)",
    "imagen": "https://www.dia.es/product_images/273964/273964_ISO_0_ES.jpg?imwidth=392"
  },
  {
    "categoria": "Jamón cocido, lacón, fiambres y mortadela",
    "nombre": "Panceta curada Nuestra Alacena de Dia sobre 150 g",
    "precio_unitario": "1,99 €",
    "precio_por_unidad": "(13,27 €/kg)",
    "imagen": "https://www.dia.es/product_images/273962/273962_ISO_0_ES.jpg?imwidth=392"
  },
  {
    "categoria": "Jamón cocido, lacón, fiambres y mortadela",
    "nombre": "Jamón cocido extra sabor ahumado Nuestra Alacena de Dia sobre 250 g",
    "precio_unitario": "2,75 €",
    "precio_por_unidad": "(11,00 €/kg)",
    "imagen": "https://www.dia.es/product_images/273958/273958_ISO_0_ES.jpg?imwidth=392"
  },
  {
    "categoria": "Jamón cocido, lacón, fiambres y mortadela",
    "nombre": "Pavo maxi Nuestra Alacena de Dia 900 g + 100 g",
    "precio_unitario": "2,99 €",
    "precio_por_unidad": "(3,32 €/kg)",
    "imagen": "https://www.dia.es/product_images/273954/273954_ISO_0_ES.jpg?imwidth=392"
  },
  {
    "categoria": "Jamón cocido, lacón, fiambres y mortadela",
    "nombre": "Chopped de pavo Nuestra Alacena de Dia sobre 200 g",
    "precio_unitario": "1,75 €",
    "precio_por_unidad": "(8,75 €/kg)",
    "imagen": "https://www.dia.es/product_images/273953/273953_ISO_0_ES.jpg?imwidth=392"
  },
  {
    "categoria": "Jamón cocido, lacón, fiambres y mortadela",
    "nombre": "Mortadela de pavo Nuestra Alacena de Dia sobre 200 g",
    "precio_unitario": "1,59 €",
    "precio_por_unidad": "(7,95 €/kg)",
    "imagen": "https://www.dia.es/product_images/273952/273952_ISO_0_ES.jpg?imwidth=392"
  },
  {
    "categoria": "Jamón cocido, lacón, fiambres y mortadela",
    "nombre": "Mortadela Bologna I.G.P. Selección Mundial de Dia sobre 150 g",
    "precio_unitario": "1,99 €",
    "precio_por_unidad": "(13,27 €/kg)",
    "imagen": "https://www.dia.es/product_images/273756/273756_ISO_0_ES.jpg?imwidth=392"
  },
  {
    "categoria": "Jamón cocido, lacón, fiambres y mortadela",
    "nombre": "Bacon en taco Nuestra Alacena de Dia bolsa 300 g",
    "precio_unitario": "2,99 €",
    "precio_por_unidad": "(9,97 €/kg)",
    "imagen": "https://www.dia.es/product_images/273751/273751_ISO_0_ES.jpg?imwidth=392"
  },
  {
    "categoria": "Jamón cocido, lacón, fiambres y mortadela",
    "nombre": "Fiambre maxi york Nuestra Alacena de Dia sobre 400 g",
    "precio_unitario": "1,90 €",
    "precio_por_unidad": "(4,75 €/kg)",
    "imagen": "https://www.dia.es/product_images/273742/273742_ISO_0_ES.jpg?imwidth=392"
  },
  {
    "categoria": "Jamón cocido, lacón, fiambres y mortadela",
    "nombre": "Jamón de pavo con trufa y boletus Elpozo sobre 120 + 20 g",
    "precio_unitario": "2,00 €",
    "precio_por_unidad": "(16,67 €/kg)",
    "imagen": "https://www.dia.es/product_images/255685/255685_ISO_0_ES.jpg?imwidth=392"
  },
  {
    "categoria": "Jamón cocido, lacón, fiambres y mortadela",
    "nombre": "Jamón asado al horno Bonnatur sobre 100 g",
    "precio_unitario": "2,00 €",
    "precio_por_unidad": "(20,00 €/kg)",
    "imagen": "https://www.dia.es/product_images/219690/219690_ISO_0_ES.jpg?imwidth=392"
  },
  {
    "categoria": "Jamón cocido, lacón, fiambres y mortadela",
    "nombre": "Mortadela ahumada Mrm sobre 200 g",
    "precio_unitario": "2,29 €",
    "precio_por_unidad": "(11,45 €/kg)",
    "imagen": "https://www.dia.es/product_images/207576/207576_ISO_0_ES.jpg?imwidth=392"
  },
  {
    "categoria": "Jamón cocido, lacón, fiambres y mortadela",
    "nombre": "Lacón en tapas Mrm bandeja 200 g",
    "precio_unitario": "4,09 €",
    "precio_por_unidad": "(20,45 €/kg)",
    "imagen": "https://www.dia.es/product_images/207575/207575_ISO_0_ES.jpg?imwidth=392"
  },
  {
    "categoria": "Jamón cocido, lacón, fiambres y mortadela",
    "nombre": "Pechuguitas de pollo asada La carloteña bandeja 100 g",
    "precio_unitario": "1,99 €",
    "precio_por_unidad": "(19,90 €/kg)",
    "imagen": "https://www.dia.es/product_images/182582/182582_ISO_0_ES.jpg?imwidth=392"
  },
  {
    "categoria": "Jamón cocido, lacón, fiambres y mortadela",
    "nombre": "Fiambre de pavo sándwich Elpozo bandeja 270 + 30 g",
    "precio_unitario": "2,00 €",
    "precio_por_unidad": "(7,41 €/kg)",
    "imagen": "https://www.dia.es/product_images/178002/178002_ISO_0_ES.jpg?imwidth=392"
  },
  {
    "categoria": "Jamón cocido, lacón, fiambres y mortadela",
    "nombre": "Pechuga de pavo Elpozo Bienstar sobre 115 g",
    "precio_unitario": "1,50 €",
    "precio_por_unidad": "(13,04 €/kg)",
    "imagen": "https://www.dia.es/product_images/170157/170157_ISO_0_ES.jpg?imwidth=392"
  },
  {
    "categoria": "Jamón cocido, lacón, fiambres y mortadela",
    "nombre": "Chopped pork Campofrío sobre 95 g",
    "precio_unitario": "1,00 €",
    "precio_por_unidad": "(10,53 €/kg)",
    "imagen": "https://www.dia.es/product_images/148433/148433_ISO_0_ES.jpg?imwidth=392"
  },
  {
    "categoria": "Jamón cocido, lacón, fiambres y mortadela",
    "nombre": "Mortadela clásica Campofrío sobre 95 g",
    "precio_unitario": "1,00 €",
    "precio_por_unidad": "(10,53 €/kg)",
    "imagen": "https://www.dia.es/product_images/148432/148432_ISO_0_ES.jpg?imwidth=392"
  },
  {
    "categoria": "Jamón curado y paleta",
    "nombre": "Jamón de cebo ibérico 50% Nuestra Alacena de Dia bandeja 90 g",
    "precio_unitario": "4,64 €",
    "precio_por_unidad": "(51,56 €/kg)",
    "imagen": "https://www.dia.es/product_images/274057/274057_ISO_0_ES.jpg?imwidth=392"
  },
  {
    "categoria": "Jamón curado y paleta",
    "nombre": "Paleta de cebo ibérica 50% Nuestra Alacena de Dia bandeja 100 g",
    "precio_unitario": "4,89 €",
    "precio_por_unidad": "(48,90 €/kg)",
    "imagen": "https://www.dia.es/product_images/274058/274058_ISO_0_ES.jpg?imwidth=392"
  },
  {
    "categoria": "Jamón curado y paleta",
    "nombre": "Jamón Serrano Nuestra Alacena de Dia bandeja 200 g",
    "precio_unitario": "3,59 €",
    "precio_por_unidad": "(17,95 €/kg)",
    "imagen": "https://www.dia.es/product_images/274051/274051_ISO_0_ES.jpg?imwidth=392"
  },
  {
    "categoria": "Jamón curado y paleta",
    "nombre": "MEDIAS LONCHAS Jamón Serrano Nuestra Alacena de Dia bandeja 100 g",
    "precio_unitario": "1,73 €",
    "precio_por_unidad": "(17,30 €/kg)",
    "imagen": "https://www.dia.es/product_images/274052/274052_ISO_0_ES.jpg?imwidth=392"
  },
  {
    "categoria": "Jamón curado y paleta",
    "nombre": "LONCHAS EXTRAFINAS Jamón Serrano Nuestra Alacena de Dia bandeja 120 g",
    "precio_unitario": "2,45 €",
    "precio_por_unidad": "(20,42 €/kg)",
    "imagen": "https://www.dia.es/product_images/274053/274053_ISO_0_ES.jpg?imwidth=392"
  },
  {
    "categoria": "Jamón curado y paleta",
    "nombre": "Mini taquitos de jamón Nuestra Alacena de Dia bandeja 2 x 75 g",
    "precio_unitario": "2,21 €",
    "precio_por_unidad": "(14,73 €/kg)",
    "imagen": "https://www.dia.es/product_images/274059/274059_ISO_0_ES.jpg?imwidth=392"
  },
  {
    "categoria": "Jamón curado y paleta",
    "nombre": "Jamón curado Navidul sobre 45 g",
    "precio_unitario": "1,00 €",
    "precio_por_unidad": "(22,22 €/kg)",
    "imagen": "https://www.dia.es/product_images/118111/118111_ISO_0_ES.jpg?imwidth=392"
  },
  {
    "categoria": "Jamón curado y paleta",
    "nombre": "Paleta Curada 50% Duroc Nuestra Alacena de Dia bandeja 110 g",
    "precio_unitario": "2,69 €",
    "precio_por_unidad": "(24,45 €/kg)",
    "imagen": "https://www.dia.es/product_images/274055/274055_ISO_0_ES.jpg?imwidth=392"
  },
  {
    "categoria": "Jamón curado y paleta",
    "nombre": "Jamón curado Elpozo 1954 bandeja 2 x 75 g",
    "precio_unitario": "3,00 €",
    "precio_por_unidad": "(20,00 €/kg)",
    "imagen": "https://www.dia.es/product_images/265993/265993_ISO_0_ES.jpg?imwidth=392"
  },
  {
    "categoria": "Jamón curado y paleta",
    "nombre": "TAQUITOS de Jamón Curado para cocinar Nuestra Alacena de Dia sobre 2 x 75 g",
    "precio_unitario": "2,09 €",
    "precio_por_unidad": "(13,93 €/kg)",
    "imagen": "https://www.dia.es/product_images/300023/300023_ISO_0_ES.jpg?imwidth=392"
  },
  {
    "categoria": "Jamón curado y paleta",
    "nombre": "Pizcas de jamón de cebo ibérico 50 % Nuestra Alacena de Dia bandeja 60 g",
    "precio_unitario": "1,99 €",
    "precio_por_unidad": "(33,17 €/kg)",
    "imagen": "https://www.dia.es/product_images/274060/274060_ISO_0_ES.jpg?imwidth=392"
  },
  {
    "categoria": "Jamón curado y paleta",
    "nombre": "Jamón curado Elpozo 1954 sobre 100 g",
    "precio_unitario": "2,00 €",
    "precio_por_unidad": "(20,00 €/kg)",
    "imagen": "https://www.dia.es/product_images/262594/262594_ISO_0_ES.jpg?imwidth=392"
  },
  {
    "categoria": "Jamón curado y paleta",
    "nombre": "PÉTALOS Jamón de cebo Ibérico Nuestra Alacena de Dia sobre 80 g",
    "precio_unitario": "3,99 €",
    "precio_por_unidad": "(49,88 €/kg)",
    "imagen": "https://www.dia.es/product_images/301105/301105_ISO_0_ES.jpg?imwidth=392"
  },
  {
    "categoria": "Jamón curado y paleta",
    "nombre": "Jamón curado bajo en sal Navidul sobre 45 g",
    "precio_unitario": "1,00 €",
    "precio_por_unidad": "(22,22 €/kg)",
    "imagen": "https://www.dia.es/product_images/220189/220189_ISO_0_ES.jpg?imwidth=392"
  },
  {
    "categoria": "Jamón curado y paleta",
    "nombre": "TACO de jamón curado Nuestra Alacena de Dia 200 g",
    "precio_unitario": "3,69 €",
    "precio_por_unidad": "(18,45 €/kg)",
    "imagen": "https://www.dia.es/product_images/301107/301107_ISO_0_ES.jpg?imwidth=392"
  },
  {
    "categoria": "Jamón curado y paleta",
    "nombre": "Jamón Serrano 50% Duroc Nuestra Alacena de Dia sobre 125 g",
    "precio_unitario": "3,99 €",
    "precio_por_unidad": "(31,92 €/kg)",
    "imagen": "https://www.dia.es/product_images/301104/301104_ISO_0_ES.jpg?imwidth=392"
  },
  {
    "categoria": "Jamón curado y paleta",
    "nombre": "PÉTALOS paleta de cebo ibérica Nuestra Alacena de Dia sobre 90 g",
    "precio_unitario": "4,19 €",
    "precio_por_unidad": "(46,56 €/kg)",
    "imagen": "https://www.dia.es/product_images/301106/301106_ISO_0_ES.jpg?imwidth=392"
  },
  {
    "categoria": "Jamón curado y paleta",
    "nombre": "Jamón gran reserva 8 Kg",
    "precio_unitario": "85,00 €",
    "precio_por_unidad": "(10,63 €/kg)",
    "imagen": "https://www.dia.es/product_images/226880/226880_ISO_0_ES.jpg?imwidth=392"
  },
  {
    "categoria": "Lomo, chorizo, fuet, salchichón",
    "nombre": "Lomo embuchado Nuestra Alacena de Dia bandeja 2 x 70 g",
    "precio_unitario": "2,49 €",
    "precio_por_unidad": "(17,79 €/kg)",
    "imagen": "https://www.dia.es/product_images/274063/274063_ISO_0_ES.jpg?imwidth=392"
  },
  {
    "categoria": "Lomo, chorizo, fuet, salchichón",
    "nombre": "Espetec extra Casa Tarradellas bolsa 180 g",
    "precio_unitario": "2,49 €",
    "precio_por_unidad": "(13,83 €/kg)",
    "imagen": "https://www.dia.es/product_images/37114/37114_ISO_0_ES.jpg?imwidth=392"
  },
  {
    "categoria": "Lomo, chorizo, fuet, salchichón",
    "nombre": "Chorizo extra dulce Nuestra Alacena de Dia bolsa 270 g",
    "precio_unitario": "2,40 €",
    "precio_por_unidad": "(8,89 €/kg)",
    "imagen": "https://www.dia.es/product_images/273976/273976_ISO_0_ES.jpg?imwidth=392"
  },
  {
    "categoria": "Lomo, chorizo, fuet, salchichón",
    "nombre": "Chorizo de pamplona extra Nuestra Alacena de Dia bandeja 2 x 100 g",
    "precio_unitario": "1,73 €",
    "precio_por_unidad": "(8,65 €/kg)",
    "imagen": "https://www.dia.es/product_images/273982/273982_ISO_0_ES.jpg?imwidth=392"
  },
  {
    "categoria": "Lomo, chorizo, fuet, salchichón",
    "nombre": "Chorizo extra Nuestra Alacena de Dia bandeja 2 x 100 g",
    "precio_unitario": "1,75 €",
    "precio_por_unidad": "(8,75 €/kg)",
    "imagen": "https://www.dia.es/product_images/273988/273988_ISO_0_ES.jpg?imwidth=392"
  },
  {
    "categoria": "Lomo, chorizo, fuet, salchichón",
    "nombre": "Chorizo y salchichón extra Nuestra Alacena de Dia bandeja 2 x 100 g",
    "precio_unitario": "2,39 €",
    "precio_por_unidad": "(11,95 €/kg)",
    "imagen": "https://www.dia.es/product_images/273991/273991_ISO_0_ES.jpg?imwidth=392"
  },
  {
    "categoria": "Lomo, chorizo, fuet, salchichón",
    "nombre": "Salami extra Nuestra Alacena de Dia bandeja 200 g",
    "precio_unitario": "1,62 €",
    "precio_por_unidad": "(8,10 €/kg)",
    "imagen": "https://www.dia.es/product_images/274141/274141_ISO_0_ES.jpg?imwidth=392"
  },
  {
    "categoria": "Lomo, chorizo, fuet, salchichón",
    "nombre": "Espetec extra Nuestra Alacena de Dia bolsa 170 g",
    "precio_unitario": "2,25 €",
    "precio_por_unidad": "(13,24 €/kg)",
    "imagen": "https://www.dia.es/product_images/274137/274137_ISO_0_ES.jpg?imwidth=392"
  },
  {
    "categoria": "Lomo, chorizo, fuet, salchichón",
    "nombre": "Chorizo extra picante Nuestra Alacena de Dia bolsa 270 g",
    "precio_unitario": "2,40 €",
    "precio_por_unidad": "(8,89 €/kg)",
    "imagen": "https://www.dia.es/product_images/273977/273977_ISO_0_ES.jpg?imwidth=392"
  },
  {
    "categoria": "Lomo, chorizo, fuet, salchichón",
    "nombre": "Longaniza payés extra Nuestra Alacena de Dia bandeja 2 x 50 g",
    "precio_unitario": "1,79 €",
    "precio_por_unidad": "(17,90 €/kg)",
    "imagen": "https://www.dia.es/product_images/303639/303639_ISO_0_ES.jpg?imwidth=392"
  },
  {
    "categoria": "Lomo, chorizo, fuet, salchichón",
    "nombre": "Salchichón extra Nuestra Alacena de Dia bandeja 2 x 100 g",
    "precio_unitario": "1,71 €",
    "precio_por_unidad": "(8,55 €/kg)",
    "imagen": "https://www.dia.es/product_images/274140/274140_ISO_0_ES.jpg?imwidth=392"
  },
  {
    "categoria": "Lomo, chorizo, fuet, salchichón",
    "nombre": "Chorizo Revilla sobre 65 g",
    "precio_unitario": "1,00 €",
    "precio_por_unidad": "(15,38 €/kg)",
    "imagen": "https://www.dia.es/product_images/15976/15976_ISO_0_ES.jpg?imwidth=392"
  },
  {
    "categoria": "Lomo, chorizo, fuet, salchichón",
    "nombre": "Cabecero de lomo Nuestra Alacena de Dia sobre 2 x 70 g",
    "precio_unitario": "2,68 €",
    "precio_por_unidad": "(19,14 €/kg)",
    "imagen": "https://www.dia.es/product_images/300434/300434_ISO_0_ES.jpg?imwidth=392"
  },
  {
    "categoria": "Lomo, chorizo, fuet, salchichón",
    "nombre": "Taquitos de chorizo Revilla bandeja 65 g",
    "precio_unitario": "1,00 €",
    "precio_por_unidad": "(15,38 €/kg)",
    "imagen": "https://www.dia.es/product_images/286351/286351_ISO_0_ES.jpg?imwidth=392"
  },
  {
    "categoria": "Lomo, chorizo, fuet, salchichón",
    "nombre": "Fuet extra Nuestra Alacena de Dia bolsa 2 x 170 g",
    "precio_unitario": "3,79 €",
    "precio_por_unidad": "(11,15 €/kg)",
    "imagen": "https://www.dia.es/product_images/274138/274138_ISO_0_ES.jpg?imwidth=392"
  },
  {
    "categoria": "Lomo, chorizo, fuet, salchichón",
    "nombre": "Mini fuet Nuestra Alacena de Dia bolsa 50 g",
    "precio_unitario": "0,99 €",
    "precio_por_unidad": "(19,80 €/kg)",
    "imagen": "https://www.dia.es/product_images/297911/297911_ISO_0_ES.jpg?imwidth=392"
  },
  {
    "categoria": "Lomo, chorizo, fuet, salchichón",
    "nombre": "Sobrasada Elpozo tarrina 250 g",
    "precio_unitario": "1,99 €",
    "precio_por_unidad": "(7,96 €/kg)",
    "imagen": "https://www.dia.es/product_images/115088/115088_ISO_0_ES.jpg?imwidth=392"
  },
  {
    "categoria": "Lomo, chorizo, fuet, salchichón",
    "nombre": "Chorizo ibérico extra Nuestra Alacena de Dia bandeja 2 x 60 g",
    "precio_unitario": "2,02 €",
    "precio_por_unidad": "(16,83 €/kg)",
    "imagen": "https://www.dia.es/product_images/273996/273996_ISO_0_ES.jpg?imwidth=392"
  },
  {
    "categoria": "Lomo, chorizo, fuet, salchichón",
    "nombre": "Caña de lomo Navidul sobre 40 g",
    "precio_unitario": "1,09 €",
    "precio_por_unidad": "(27,25 €/kg)",
    "imagen": "https://www.dia.es/product_images/134228/134228_ISO_0_ES.jpg?imwidth=392"
  },
  {
    "categoria": "Lomo, chorizo, fuet, salchichón",
    "nombre": "Salchichón ibérico extra Nuestra Alacena de Dia bandeja 2 x 60 g",
    "precio_unitario": "2,09 €",
    "precio_por_unidad": "(17,42 €/kg)",
    "imagen": "https://www.dia.es/product_images/274186/274186_ISO_0_ES.jpg?imwidth=392"
  },
  {
    "categoria": "Lomo, chorizo, fuet, salchichón",
    "nombre": "Chorizo dulce Palacios bolsa 250 g",
    "precio_unitario": "3,79 €",
    "precio_por_unidad": "(15,16 €/kg)",
    "imagen": "https://www.dia.es/product_images/51728/51728_ISO_0_ES.jpg?imwidth=392"
  },
  {
    "categoria": "Lomo, chorizo, fuet, salchichón",
    "nombre": "Longaniza con pavo Elpozo bolsa 230 g",
    "precio_unitario": "2,95 €",
    "precio_por_unidad": "(12,83 €/kg)",
    "imagen": "https://www.dia.es/product_images/42200/42200_ISO_0_ES.jpg?imwidth=392"
  },
  {
    "categoria": "Lomo, chorizo, fuet, salchichón",
    "nombre": "Pétalos salchichón extra 50% duroc Nuestra Alacena de Dia sobre 80 g",
    "precio_unitario": "1,99 €",
    "precio_por_unidad": "(24,88 €/kg)",
    "imagen": "https://www.dia.es/product_images/301722/301722_ISO_0_ES.jpg?imwidth=392"
  },
  {
    "categoria": "Lomo, chorizo, fuet, salchichón",
    "nombre": "Mini fuet con pavo Nuestra Alacena de Dia bolsa 50 g",
    "precio_unitario": "0,99 €",
    "precio_por_unidad": "(19,80 €/kg)",
    "imagen": "https://www.dia.es/product_images/297914/297914_ISO_0_ES.jpg?imwidth=392"
  },
  {
    "categoria": "Lomo, chorizo, fuet, salchichón",
    "nombre": "Salchichón de Vic Exentis sobre 80 g",
    "precio_unitario": "2,25 €",
    "precio_por_unidad": "(28,13 €/kg)",
    "imagen": "https://www.dia.es/product_images/296643/296643_ISO_0_ES.jpg?imwidth=392"
  },
  {
    "categoria": "Lomo, chorizo, fuet, salchichón",
    "nombre": "Pétalos de lomo embuchado 50% duroc Boadas sobre 80 g",
    "precio_unitario": "2,35 €",
    "precio_por_unidad": "(29,38 €/kg)",
    "imagen": "https://www.dia.es/product_images/296492/296492_ISO_0_ES.jpg?imwidth=392"
  },
  {
    "categoria": "Lomo, chorizo, fuet, salchichón",
    "nombre": "Lomo embuchado ya cortado España e hijos sobre 200 g",
    "precio_unitario": "3,99 €",
    "precio_por_unidad": "(19,95 €/kg)",
    "imagen": "https://www.dia.es/product_images/293718/293718_ISO_0_ES.jpg?imwidth=392"
  },
  {
    "categoria": "Lomo, chorizo, fuet, salchichón",
    "nombre": "Salchichón extra ya cortado España e hijos sobre 200 g",
    "precio_unitario": "2,89 €",
    "precio_por_unidad": "(14,45 €/kg)",
    "imagen": "https://www.dia.es/product_images/293717/293717_ISO_0_ES.jpg?imwidth=392"
  },
  {
    "categoria": "Lomo, chorizo, fuet, salchichón",
    "nombre": "Chorizo extra ya cortado España e hijos sobre 200 g",
    "precio_unitario": "2,89 €",
    "precio_por_unidad": "(14,45 €/kg)",
    "imagen": "https://www.dia.es/product_images/293714/293714_ISO_0_ES.jpg?imwidth=392"
  },
  {
    "categoria": "Lomo, chorizo, fuet, salchichón",
    "nombre": "Salchichón a la pimienta Sola bandeja 100 g",
    "precio_unitario": "1,99 €",
    "precio_por_unidad": "(19,90 €/kg)",
    "imagen": "https://www.dia.es/product_images/276169/276169_ISO_0_ES.jpg?imwidth=392"
  },
  {
    "categoria": "Lomo, chorizo, fuet, salchichón",
    "nombre": "Longaniza imperial Elpozo bolsa 250 g",
    "precio_unitario": "2,95 €",
    "precio_por_unidad": "(11,80 €/kg)",
    "imagen": "https://www.dia.es/product_images/27468/27468_ISO_0_ES.jpg?imwidth=392"
  },
  {
    "categoria": "Lomo, chorizo, fuet, salchichón",
    "nombre": "Salchichón ibérico Nuestra Alacena de Dia bolsa 90 g",
    "precio_unitario": "2,39 €",
    "precio_por_unidad": "(26,56 €/kg)",
    "imagen": "https://www.dia.es/product_images/274187/274187_ISO_0_ES.jpg?imwidth=392"
  },
  {
    "categoria": "Lomo, chorizo, fuet, salchichón",
    "nombre": "Lomo de cebo ibérico 50% Nuestra Alacena de Dia bandeja 80 g",
    "precio_unitario": "3,69 €",
    "precio_por_unidad": "(46,13 €/kg)",
    "imagen": "https://www.dia.es/product_images/274064/274064_ISO_0_ES.jpg?imwidth=392"
  },
  {
    "categoria": "Lomo, chorizo, fuet, salchichón",
    "nombre": "Chorizo ibérico Nuestra Alacena de Dia sobre 90 g",
    "precio_unitario": "2,39 €",
    "precio_por_unidad": "(26,56 €/kg)",
    "imagen": "https://www.dia.es/product_images/274000/274000_ISO_0_ES.jpg?imwidth=392"
  },
  {
    "categoria": "Lomo, chorizo, fuet, salchichón",
    "nombre": "Chorizo de pavo extra Nuestra Alacena de Dia bandeja 2 x 75 g",
    "precio_unitario": "2,38 €",
    "precio_por_unidad": "(15,87 €/kg)",
    "imagen": "https://www.dia.es/product_images/273994/273994_ISO_0_ES.jpg?imwidth=392"
  },
  {
    "categoria": "Lomo, chorizo, fuet, salchichón",
    "nombre": "Chorizo de león picante Nuestra Alacena de Dia bandeja 100 g",
    "precio_unitario": "1,99 €",
    "precio_por_unidad": "(19,90 €/kg)",
    "imagen": "https://www.dia.es/product_images/273985/273985_ISO_0_ES.jpg?imwidth=392"
  },
  {
    "categoria": "Lomo, chorizo, fuet, salchichón",
    "nombre": "Chorizo de león dulce Nuestra Alacena de Dia bandeja 100 g",
    "precio_unitario": "1,99 €",
    "precio_por_unidad": "(19,90 €/kg)",
    "imagen": "https://www.dia.es/product_images/273984/273984_ISO_0_ES.jpg?imwidth=392"
  },
  {
    "categoria": "Lomo, chorizo, fuet, salchichón",
    "nombre": "Salchichón nobleza Elpozo bandeja 65 g",
    "precio_unitario": "1,00 €",
    "precio_por_unidad": "(15,38 €/kg)",
    "imagen": "https://www.dia.es/product_images/176887/176887_ISO_0_ES.jpg?imwidth=392"
  },
  {
    "categoria": "Queso curado, semicurado y tierno",
    "nombre": "Queso mozzarella rallado Dia Láctea bolsa 200 g",
    "precio_unitario": "1,57 €",
    "precio_por_unidad": "(7,85 €/kg)",
    "imagen": "https://www.dia.es/product_images/13096/13096_ISO_0_ES.jpg?imwidth=392"
  },
  {
    "categoria": "Queso curado, semicurado y tierno",
    "nombre": "Queso mezcla 4 quesos rallado Dia Láctea bolsa 200 g",
    "precio_unitario": "1,87 €",
    "precio_por_unidad": "(9,35 €/kg)",
    "imagen": "https://www.dia.es/product_images/50652/50652_ISO_0_ES.jpg?imwidth=392"
  },
  {
    "categoria": "Queso curado, semicurado y tierno",
    "nombre": "Queso semicurado El Cencerro de Dia Dia 250 g",
    "precio_unitario": "2,75 €",
    "precio_por_unidad": "(11,00 €/kg)",
    "imagen": "https://www.dia.es/product_images/108586/108586_ISO_0_ES.jpg?imwidth=392"
  },
  {
    "categoria": "Queso curado, semicurado y tierno",
    "nombre": "Queso especial pasta en polvo Dia Láctea bolsa 150 g",
    "precio_unitario": "1,28 €",
    "precio_por_unidad": "(8,53 €/kg)",
    "imagen": "https://www.dia.es/product_images/263635/263635_ISO_0_ES.jpg?imwidth=392"
  },
  {
    "categoria": "Queso curado, semicurado y tierno",
    "nombre": "Queso curado El Cencerro de Dia 250 g",
    "precio_unitario": "2,99 €",
    "precio_por_unidad": "(11,96 €/kg)",
    "imagen": "https://www.dia.es/product_images/108589/108589_ISO_0_ES.jpg?imwidth=392"
  },
  {
    "categoria": "Queso curado, semicurado y tierno",
    "nombre": "Queso tierno de vaca El Cencerro de Dia sobre 250 g",
    "precio_unitario": "2,00 €",
    "precio_por_unidad": "(8,00 €/kg)",
    "imagen": "https://www.dia.es/product_images/263225/263225_ISO_0_ES.jpg?imwidth=392"
  },
  {
    "categoria": "Queso curado, semicurado y tierno",
    "nombre": "Rulo de queso de cabra Dia Lactea 140 g",
    "precio_unitario": "1,61 €",
    "precio_por_unidad": "(11,50 €/kg)",
    "imagen": "https://www.dia.es/product_images/120966/120966_ISO_0_ES.jpg?imwidth=392"
  },
  {
    "categoria": "Queso curado, semicurado y tierno",
    "nombre": "Queso havarti Selección Mundial de Dia sobre 160 g",
    "precio_unitario": "2,03 €",
    "precio_por_unidad": "(12,69 €/kg)",
    "imagen": "https://www.dia.es/product_images/302946/302946_ISO_0_ES.jpg?imwidth=392"
  },
  {
    "categoria": "Queso curado, semicurado y tierno",
    "nombre": "Queso semicurado El Cencerro de Dia sobre 200 g",
    "precio_unitario": "2,30 €",
    "precio_por_unidad": "(11,50 €/kg)",
    "imagen": "https://www.dia.es/product_images/263228/263228_ISO_0_ES.jpg?imwidth=392"
  },
  {
    "categoria": "Queso curado, semicurado y tierno",
    "nombre": "Dados de queso especial ensalada Dia Láctea bolsa 100 g",
    "precio_unitario": "1,29 €",
    "precio_por_unidad": "(12,90 €/kg)",
    "imagen": "https://www.dia.es/product_images/290034/290034_ISO_0_ES.jpg?imwidth=392"
  },
  {
    "categoria": "Queso curado, semicurado y tierno",
    "nombre": "Queso tierno El Cencerro de Dia 300 g",
    "precio_unitario": "2,73 €",
    "precio_por_unidad": "(9,10 €/kg)",
    "imagen": "https://www.dia.es/product_images/263306/263306_ISO_0_ES.jpg?imwidth=392"
  },
  {
    "categoria": "Queso curado, semicurado y tierno",
    "nombre": "Queso grana padano rallado Selección Mundial de Dia bolsa 100 g",
    "precio_unitario": "1,62 €",
    "precio_por_unidad": "(16,20 €/kg)",
    "imagen": "https://www.dia.es/product_images/182969/182969_ISO_0_ES.jpg?imwidth=392"
  },
  {
    "categoria": "Queso curado, semicurado y tierno",
    "nombre": "Queso tierno El Cencerro de Dia 1 Kg",
    "precio_unitario": "8,57 €",
    "precio_por_unidad": "(8,57 €/kg)",
    "imagen": "https://www.dia.es/product_images/51981/51981_ISO_0_ES.jpg?imwidth=392"
  },
  {
    "categoria": "Queso curado, semicurado y tierno",
    "nombre": "Queso especial gratinar rallado Dia Láctea bolsa 200 g",
    "precio_unitario": "1,39 €",
    "precio_por_unidad": "(6,95 €/kg)",
    "imagen": "https://www.dia.es/product_images/20423/20423_ISO_0_ES.jpg?imwidth=392"
  },
  {
    "categoria": "Queso curado, semicurado y tierno",
    "nombre": "Queso tierno El Cencerro de Dia sobre 250 g",
    "precio_unitario": "2,31 €",
    "precio_por_unidad": "(9,24 €/kg)",
    "imagen": "https://www.dia.es/product_images/60253/60253_ISO_0_ES.jpg?imwidth=392"
  },
  {
    "categoria": "Queso fresco",
    "nombre": "Queso fresco natural Dia Láctea tarrina 4 x 62.5 g",
    "precio_unitario": "1,06 €",
    "precio_por_unidad": "(4,24 €/kg)",
    "imagen": "https://www.dia.es/product_images/115669/115669_ISO_0_ES.jpg?imwidth=392"
  },
  {
    "categoria": "Queso fresco",
    "nombre": "Queso mozzarella fresca Selección Mundial de Dia bolsa 125 g",
    "precio_unitario": "0,99 €",
    "precio_por_unidad": "(7,92 €/kg)",
    "imagen": "https://www.dia.es/product_images/108698/108698_ISO_0_ES.jpg?imwidth=392"
  },
  {
    "categoria": "Queso fresco",
    "nombre": "Queso fresco natural Dia Láctea tarrina 250 g",
    "precio_unitario": "0,99 €",
    "precio_por_unidad": "(3,96 €/kg)",
    "imagen": "https://www.dia.es/product_images/303551/303551_ISO_0_ES.jpg?imwidth=392"
  },
  {
    "categoria": "Queso fresco",
    "nombre": "Queso fresco de vaca El Cencerro de Dia tarrina 250 g",
    "precio_unitario": "1,63 €",
    "precio_por_unidad": "(6,52 €/kg)",
    "imagen": "https://www.dia.es/product_images/115196/115196_ISO_0_ES.jpg?imwidth=392"
  },
  {
    "categoria": "Queso fresco",
    "nombre": "Queso fresco 0% m.g Dia Láctea tarrina 4 x 62.5 g",
    "precio_unitario": "1,06 €",
    "precio_por_unidad": "(4,24 €/kg)",
    "imagen": "https://www.dia.es/product_images/73062/73062_ISO_0_ES.jpg?imwidth=392"
  },
  {
    "categoria": "Queso fresco",
    "nombre": "Queso burrata Selección Mundial de Dia tarrina 150 g",
    "precio_unitario": "2,55 €",
    "precio_por_unidad": "(17,00 €/kg)",
    "imagen": "https://www.dia.es/product_images/263576/263576_ISO_0_ES.jpg?imwidth=392"
  },
  {
    "categoria": "Queso fresco",
    "nombre": "Queso fresco de cabra El Cencerro de Dia tarrina 250 g",
    "precio_unitario": "2,65 €",
    "precio_por_unidad": "(10,60 €/kg)",
    "imagen": "https://www.dia.es/product_images/265592/265592_ISO_0_ES.jpg?imwidth=392"
  },
  {
    "categoria": "Queso fresco",
    "nombre": "Queso feta D.O.P. Selección Mundial de Dia bolsa 150 g",
    "precio_unitario": "2,40 €",
    "precio_por_unidad": "(16,00 €/kg)",
    "imagen": "https://www.dia.es/product_images/293265/293265_ISO_0_ES.jpg?imwidth=392"
  },
  {
    "categoria": "Queso fresco",
    "nombre": "Queso ricotta Selección Mundial de Dia tarrina 250 g",
    "precio_unitario": "1,89 €",
    "precio_por_unidad": "(7,56 €/kg)",
    "imagen": "https://www.dia.es/product_images/302349/302349_ISO_0_ES.jpg?imwidth=392"
  },
  {
    "categoria": "Queso fresco",
    "nombre": "Queso fresco sin lactosa Dia Láctea tarrina 4 x 62.5 g",
    "precio_unitario": "1,71 €",
    "precio_por_unidad": "(6,84 €/kg)",
    "imagen": "https://www.dia.es/product_images/223231/223231_ISO_0_ES.jpg?imwidth=392"
  },
  {
    "categoria": "Queso fresco",
    "nombre": "Queso fresco artesano Vega e Hijos tarrina 250 g",
    "precio_unitario": "2,84 €",
    "precio_por_unidad": "(11,36 €/kg)",
    "imagen": "https://www.dia.es/product_images/28823/28823_ISO_0_ES.jpg?imwidth=392"
  },
  {
    "categoria": "Queso fresco",
    "nombre": "Queso mozzarella di bufala campana D.O.P. Selección Mundial de Dia tarrina 125 g",
    "precio_unitario": "1,76 €",
    "precio_por_unidad": "(14,08 €/kg)",
    "imagen": "https://www.dia.es/product_images/263621/263621_ISO_0_ES.jpg?imwidth=392"
  },
  {
    "categoria": "Queso fresco",
    "nombre": "Mini queso mozzarella Dia Láctea tarrina 125 g",
    "precio_unitario": "1,72 €",
    "precio_por_unidad": "(13,76 €/kg)",
    "imagen": "https://www.dia.es/product_images/207455/207455_ISO_0_ES.jpg?imwidth=392"
  },
  {
    "categoria": "Queso fresco",
    "nombre": "Queso fresco natural Burgo de Arias tarrina 3 x 72 g",
    "precio_unitario": "3,05 €",
    "precio_por_unidad": "(14,12 €/kg)",
    "imagen": "https://www.dia.es/product_images/37869/37869_ISO_0_ES.jpg?imwidth=392"
  },
  {
    "categoria": "Queso fresco",
    "nombre": "Tofu bio Apologize bandeja 300 g",
    "precio_unitario": "2,39 €",
    "precio_por_unidad": "(7,97 €/kg)",
    "imagen": "https://www.dia.es/product_images/295344/295344_ISO_0_ES.jpg?imwidth=392"
  },
  {
    "categoria": "Queso fresco",
    "nombre": "Queso fresco batido rico en proteínas Granja Rinya tarrina 400 g",
    "precio_unitario": "1,93 €",
    "precio_por_unidad": "(4,83 €/kg)",
    "imagen": "https://www.dia.es/product_images/274204/274204_ISO_0_ES.jpg?imwidth=392"
  },
  {
    "categoria": "Queso fresco",
    "nombre": "Queso fresco protein plus Burgo de Arias tarrina 3 x 70 g",
    "precio_unitario": "1,99 €",
    "precio_por_unidad": "(9,48 €/kg)",
    "imagen": "https://www.dia.es/product_images/292414/292414_ISO_0_ES.jpg?imwidth=392"
  },
  {
    "categoria": "Queso fresco",
    "nombre": "Queso protein cottage Arla foods tarrina 200 g",
    "precio_unitario": "2,20 €",
    "precio_por_unidad": "(11,00 €/kg)",
    "imagen": "https://www.dia.es/product_images/288046/288046_ISO_0_ES.jpg?imwidth=392"
  },
  {
    "categoria": "Queso fresco",
    "nombre": "Queso fresco bajo en sal Dia Láctea tarrina 4 x 62.5 g",
    "precio_unitario": "1,42 €",
    "precio_por_unidad": "(5,68 €/kg)",
    "imagen": "https://www.dia.es/product_images/255335/255335_ISO_0_ES.jpg?imwidth=392"
  },
  {
    "categoria": "Queso fresco",
    "nombre": "Queso fresco 0% m.g Burgo de Arias tarrina 3 x 72 g",
    "precio_unitario": "3,05 €",
    "precio_por_unidad": "(14,12 €/kg)",
    "imagen": "https://www.dia.es/product_images/57737/57737_ISO_0_ES.jpg?imwidth=392"
  },
  {
    "categoria": "Queso fresco",
    "nombre": "Queso mascarpone Selección Mundial de Dia tarrina 250 g",
    "precio_unitario": "2,50 €",
    "precio_por_unidad": "(10,00 €/kg)",
    "imagen": "https://www.dia.es/product_images/48095/48095_ISO_0_ES.jpg?imwidth=392"
  },
  {
    "categoria": "Queso fresco",
    "nombre": "Queso blanco en dados Arla foods tarrina 200 g",
    "precio_unitario": "3,72 €",
    "precio_por_unidad": "(18,60 €/kg)",
    "imagen": "https://www.dia.es/product_images/112192/112192_ISO_0_ES.jpg?imwidth=392"
  },
  {
    "categoria": "Queso azul y roquefort",
    "nombre": "Queso roquefort Selección Mundial de Dia bandeja 100 g",
    "precio_unitario": "1,79 €",
    "precio_por_unidad": "(17,90 €/kg)",
    "imagen": "https://www.dia.es/product_images/222761/222761_ISO_0_ES.jpg?imwidth=392"
  },
  {
    "categoria": "Queso azul y roquefort",
    "nombre": "Queso azul El Cencerro de Dia bandeja 150 g",
    "precio_unitario": "1,87 €",
    "precio_por_unidad": "(12,47 €/kg)",
    "imagen": "https://www.dia.es/product_images/44948/44948_ISO_0_ES.jpg?imwidth=392"
  },
  {
    "categoria": "Queso azul y roquefort",
    "nombre": "Queso gorgonzola D.O.P. Selección Mundial de Dia bandeja 200 g",
    "precio_unitario": "2,42 €",
    "precio_por_unidad": "(12,10 €/kg)",
    "imagen": "https://www.dia.es/product_images/207458/207458_ISO_0_ES.jpg?imwidth=392"
  },
  {
    "categoria": "Queso azul y roquefort",
    "nombre": "Queso brie azul Petit blue 150 g",
    "precio_unitario": "2,03 €",
    "precio_por_unidad": "(13,53 €/kg)",
    "imagen": "https://www.dia.es/product_images/302540/302540_ISO_0_ES.jpg?imwidth=392"
  },
  {
    "categoria": "Quesos fundidos y cremas",
    "nombre": "Queso fundido sándwich Dia Láctea bolsa 300 g",
    "precio_unitario": "1,62 €",
    "precio_por_unidad": "(5,40 €/kg)",
    "imagen": "https://www.dia.es/product_images/664/664_ISO_0_ES.jpg?imwidth=392"
  },
  {
    "categoria": "Quesos fundidos y cremas",
    "nombre": "Queso de untar natural Dia Láctea tarrina 250 g",
    "precio_unitario": "1,10 €",
    "precio_por_unidad": "(4,40 €/kg)",
    "imagen": "https://www.dia.es/product_images/263518/263518_ISO_0_ES.jpg?imwidth=392"
  },
  {
    "categoria": "Quesos fundidos y cremas",
    "nombre": "Queso de untar natural light Dia Láctea tarrina 250 g",
    "precio_unitario": "1,10 €",
    "precio_por_unidad": "(4,40 €/kg)",
    "imagen": "https://www.dia.es/product_images/263519/263519_ISO_0_ES.jpg?imwidth=392"
  },
  {
    "categoria": "Quesos fundidos y cremas",
    "nombre": "Crema con queso de cabra Dia Láctea tarrina 125 g",
    "precio_unitario": "1,35 €",
    "precio_por_unidad": "(10,80 €/kg)",
    "imagen": "https://www.dia.es/product_images/296054/296054_ISO_0_ES.jpg?imwidth=392"
  },
  {
    "categoria": "Quesos fundidos y cremas",
    "nombre": "Queso fundido en porciones Dia Láctea caja 375 g",
    "precio_unitario": "2,03 €",
    "precio_por_unidad": "(5,41 €/kg)",
    "imagen": "https://www.dia.es/product_images/264064/264064_ISO_0_ES.jpg?imwidth=392"
  },
  {
    "categoria": "Quesos fundidos y cremas",
    "nombre": "Crema con queso camembert Dia Láctea tarrina 125 g",
    "precio_unitario": "1,35 €",
    "precio_por_unidad": "(10,80 €/kg)",
    "imagen": "https://www.dia.es/product_images/120200/120200_ISO_0_ES.jpg?imwidth=392"
  },
  {
    "categoria": "Quesos fundidos y cremas",
    "nombre": "Queso de untar original Philadelphia tarrina 250 g",
    "precio_unitario": "2,73 €",
    "precio_por_unidad": "(10,92 €/kg)",
    "imagen": "https://www.dia.es/product_images/45247/45247_ISO_0_ES.jpg?imwidth=392"
  },
  {
    "categoria": "Quesos fundidos y cremas",
    "nombre": "Queso fundido burger con cheddar Dia Láctea bolsa 300 g",
    "precio_unitario": "1,79 €",
    "precio_por_unidad": "(5,97 €/kg)",
    "imagen": "https://www.dia.es/product_images/274196/274196_ISO_0_ES.jpg?imwidth=392"
  },
  {
    "categoria": "Quesos fundidos y cremas",
    "nombre": "Mini queso tierno snack Babybel malla 120 g",
    "precio_unitario": "2,79 €",
    "precio_por_unidad": "(23,25 €/kg)",
    "imagen": "https://www.dia.es/product_images/60325/60325_ISO_0_ES.jpg?imwidth=392"
  },
  {
    "categoria": "Quesos fundidos y cremas",
    "nombre": "Queso fundido light en porciones Dia Láctea caja 250 g",
    "precio_unitario": "1,52 €",
    "precio_por_unidad": "(6,08 €/kg)",
    "imagen": "https://www.dia.es/product_images/116857/116857_ISO_0_ES.jpg?imwidth=392"
  },
  {
    "categoria": "Quesos fundidos y cremas",
    "nombre": "Crema con queso semicurado Dia Láctea tarrina 125 g",
    "precio_unitario": "1,35 €",
    "precio_por_unidad": "(10,80 €/kg)",
    "imagen": "https://www.dia.es/product_images/296013/296013_ISO_0_ES.jpg?imwidth=392"
  },
  {
    "categoria": "Quesos fundidos y cremas",
    "nombre": "Queso fundido light Dia Láctea bolsa 300 g",
    "precio_unitario": "1,84 €",
    "precio_por_unidad": "(6,13 €/kg)",
    "imagen": "https://www.dia.es/product_images/207454/207454_ISO_0_ES.jpg?imwidth=392"
  },
  {
    "categoria": "Quesos fundidos y cremas",
    "nombre": "Queso de untar original Philadelphia tarrina 350 g",
    "precio_unitario": "3,62 €",
    "precio_por_unidad": "(10,34 €/kg)",
    "imagen": "https://www.dia.es/product_images/189086/189086_ISO_0_ES.jpg?imwidth=392"
  },
  {
    "categoria": "Quesos fundidos y cremas",
    "nombre": "Preparado de queso quark con frambuesa alto en proteínas Dia Láctea tarrina 200 g",
    "precio_unitario": "1,00 €",
    "precio_por_unidad": "(5,00 €/kg)",
    "imagen": "https://www.dia.es/product_images/297314/297314_ISO_0_ES.jpg?imwidth=392"
  },
  {
    "categoria": "Quesos fundidos y cremas",
    "nombre": "Queso fundido original en porciones La Vaca que ríe caja 250 g",
    "precio_unitario": "2,84 €",
    "precio_por_unidad": "(11,36 €/kg)",
    "imagen": "https://www.dia.es/product_images/127523/127523_ISO_0_ES.jpg?imwidth=392"
  },
  {
    "categoria": "Quesos fundidos y cremas",
    "nombre": "Queso de untar light Philadelphia tarrina 250 g",
    "precio_unitario": "2,73 €",
    "precio_por_unidad": "(10,92 €/kg)",
    "imagen": "https://www.dia.es/product_images/46047/46047_ISO_0_ES.jpg?imwidth=392"
  },
  {
    "categoria": "Quesos fundidos y cremas",
    "nombre": "Queso fundido El caserío bolsa 262 g",
    "precio_unitario": "2,60 €",
    "precio_por_unidad": "(9,92 €/kg)",
    "imagen": "https://www.dia.es/product_images/177870/177870_ISO_0_ES.jpg?imwidth=392"
  },
  {
    "categoria": "Quesos fundidos y cremas",
    "nombre": "Queso fundido con palitos de pan La Vaca que ríe caja 140 g",
    "precio_unitario": "2,44 €",
    "precio_por_unidad": "(17,43 €/kg)",
    "imagen": "https://www.dia.es/product_images/88287/88287_ISO_0_ES.jpg?imwidth=392"
  },
  {
    "categoria": "Quesos fundidos y cremas",
    "nombre": "Queso fundido light en porciones La Vaca que ríe caja 250 g",
    "precio_unitario": "2,84 €",
    "precio_por_unidad": "(11,36 €/kg)",
    "imagen": "https://www.dia.es/product_images/1776/1776_ISO_0_ES.jpg?imwidth=392"
  },
  {
    "categoria": "Quesos fundidos y cremas",
    "nombre": "Queso de untar con finas hierbas Philadelphia tarrina 150 g",
    "precio_unitario": "2,44 €",
    "precio_por_unidad": "(16,27 €/kg)",
    "imagen": "https://www.dia.es/product_images/5350/5350_ISO_0_ES.jpg?imwidth=392"
  },
  {
    "categoria": "Quesos internacionales",
    "nombre": "Queso edam Selección Mundial de Dia sobre 240 g",
    "precio_unitario": "1,67 €",
    "precio_por_unidad": "(6,96 €/kg)",
    "imagen": "https://www.dia.es/product_images/263217/263217_ISO_0_ES.jpg?imwidth=392"
  },
  {
    "categoria": "Quesos internacionales",
    "nombre": "Queso gouda Selección Mundial de Dia sobre 240 g",
    "precio_unitario": "1,75 €",
    "precio_por_unidad": "(7,29 €/kg)",
    "imagen": "https://www.dia.es/product_images/263231/263231_ISO_0_ES.jpg?imwidth=392"
  },
  {
    "categoria": "Quesos internacionales",
    "nombre": "Queso brie Selección Mundial de Dia 200 g",
    "precio_unitario": "1,62 €",
    "precio_por_unidad": "(8,10 €/kg)",
    "imagen": "https://www.dia.es/product_images/11877/11877_ISO_0_ES.jpg?imwidth=392"
  },
  {
    "categoria": "Quesos internacionales",
    "nombre": "Queso emmental Selección Mundial de Dia bolsa 220 g",
    "precio_unitario": "1,83 €",
    "precio_por_unidad": "(8,32 €/kg)",
    "imagen": "https://www.dia.es/product_images/282301/282301_ISO_0_ES.jpg?imwidth=392"
  },
  {
    "categoria": "Quesos internacionales",
    "nombre": "Queso curado italiano Selección Mundial de Dia bandeja 200 g",
    "precio_unitario": "2,84 €",
    "precio_por_unidad": "(14,20 €/kg)",
    "imagen": "https://www.dia.es/product_images/263574/263574_ISO_0_ES.jpg?imwidth=392"
  },
  {
    "categoria": "Quesos internacionales",
    "nombre": "Queso cheddar Selección Mundial de Dia sobre 200 g",
    "precio_unitario": "2,03 €",
    "precio_por_unidad": "(10,15 €/kg)",
    "imagen": "https://www.dia.es/product_images/263221/263221_ISO_0_ES.jpg?imwidth=392"
  },
  {
    "categoria": "Quesos internacionales",
    "nombre": "Queso provolone con orégano Selección Mundial de Dia bolsa 150 g",
    "precio_unitario": "1,80 €",
    "precio_por_unidad": "(12,00 €/kg)",
    "imagen": "https://www.dia.es/product_images/182970/182970_ISO_0_ES.jpg?imwidth=392"
  },
  {
    "categoria": "Quesos internacionales",
    "nombre": "Queso havarti Selección Mundial de Dia sobre 160 g",
    "precio_unitario": "2,03 €",
    "precio_por_unidad": "(12,69 €/kg)",
    "imagen": "https://www.dia.es/product_images/302946/302946_ISO_0_ES.jpg?imwidth=392"
  },
  {
    "categoria": "Quesos internacionales",
    "nombre": "Queso parmigiano reggiano D.O.P. Selección Mundial de Dia bandeja 150 g",
    "precio_unitario": "3,66 €",
    "precio_por_unidad": "(24,40 €/kg)",
    "imagen": "https://www.dia.es/product_images/263575/263575_ISO_0_ES.jpg?imwidth=392"
  },
  {
    "categoria": "Quesos internacionales",
    "nombre": "Queso grana padano rallado Selección Mundial de Dia bolsa 100 g",
    "precio_unitario": "1,62 €",
    "precio_por_unidad": "(16,20 €/kg)",
    "imagen": "https://www.dia.es/product_images/182969/182969_ISO_0_ES.jpg?imwidth=392"
  },
  {
    "categoria": "Quesos internacionales",
    "nombre": "Queso cheddar extra mature Selección Mundial de Dia bolsa 200 g",
    "precio_unitario": "2,23 €",
    "precio_por_unidad": "(11,15 €/kg)",
    "imagen": "https://www.dia.es/product_images/265533/265533_ISO_0_ES.jpg?imwidth=392"
  },
  {
    "categoria": "Quesos internacionales",
    "nombre": "Queso mozzarella fresca Selección Mundial de Dia bolsa 125 g",
    "precio_unitario": "0,99 €",
    "precio_por_unidad": "(7,92 €/kg)",
    "imagen": "https://www.dia.es/product_images/108698/108698_ISO_0_ES.jpg?imwidth=392"
  },
  {
    "categoria": "Quesos internacionales",
    "nombre": "Queso gouda Selección Mundial de Dia bandeja 400 g",
    "precio_unitario": "3,00 €",
    "precio_por_unidad": "(7,50 €/kg)",
    "imagen": "https://www.dia.es/product_images/53195/53195_ISO_0_ES.jpg?imwidth=392"
  },
  {
    "categoria": "Quesos internacionales",
    "nombre": "Queso burrata Selección Mundial de Dia tarrina 150 g",
    "precio_unitario": "2,55 €",
    "precio_por_unidad": "(17,00 €/kg)",
    "imagen": "https://www.dia.es/product_images/263576/263576_ISO_0_ES.jpg?imwidth=392"
  },
  {
    "categoria": "Quesos internacionales",
    "nombre": "Queso ahumado Selección Mundial de Dia sobre 120 g",
    "precio_unitario": "1,93 €",
    "precio_por_unidad": "(16,08 €/kg)",
    "imagen": "https://www.dia.es/product_images/302665/302665_ISO_0_ES.jpg?imwidth=392"
  },
  {
    "categoria": "Quesos internacionales",
    "nombre": "Queso camembert Selección Mundial de Dia tarrina 250 g",
    "precio_unitario": "1,97 €",
    "precio_por_unidad": "(7,88 €/kg)",
    "imagen": "https://www.dia.es/product_images/1253/1253_ISO_0_ES.jpg?imwidth=392"
  },
  {
    "categoria": "Quesos internacionales",
    "nombre": "Queso feta D.O.P. Selección Mundial de Dia bolsa 150 g",
    "precio_unitario": "2,40 €",
    "precio_por_unidad": "(16,00 €/kg)",
    "imagen": "https://www.dia.es/product_images/293265/293265_ISO_0_ES.jpg?imwidth=392"
  },
  {
    "categoria": "Quesos internacionales",
    "nombre": "Queso havarti light Selección Mundial de Dia sobre 160 g",
    "precio_unitario": "2,03 €",
    "precio_por_unidad": "(12,69 €/kg)",
    "imagen": "https://www.dia.es/product_images/302947/302947_ISO_0_ES.jpg?imwidth=392"
  },
  {
    "categoria": "Quesos internacionales",
    "nombre": "Queso mascarpone Selección Mundial de Dia tarrina 250 g",
    "precio_unitario": "2,50 €",
    "precio_por_unidad": "(10,00 €/kg)",
    "imagen": "https://www.dia.es/product_images/48095/48095_ISO_0_ES.jpg?imwidth=392"
  },
  {
    "categoria": "Quesos internacionales",
    "nombre": "Queso Taleggio D.O.P. Selección Mundial de Dia 200 g",
    "precio_unitario": "2,99 €",
    "precio_por_unidad": "(14,95 €/kg)",
    "imagen": "https://www.dia.es/product_images/303111/303111_ISO_0_ES.jpg?imwidth=392"
  },
  {
    "categoria": "Quesos internacionales",
    "nombre": "Queso ricotta Selección Mundial de Dia tarrina 250 g",
    "precio_unitario": "1,89 €",
    "precio_por_unidad": "(7,56 €/kg)",
    "imagen": "https://www.dia.es/product_images/302349/302349_ISO_0_ES.jpg?imwidth=392"
  },
  {
    "categoria": "Quesos internacionales",
    "nombre": "Queso gouda light Selección Mundial de Dia sobre 200 g",
    "precio_unitario": "2,03 €",
    "precio_por_unidad": "(10,15 €/kg)",
    "imagen": "https://www.dia.es/product_images/290296/290296_ISO_0_ES.jpg?imwidth=392"
  },
  {
    "categoria": "Quesos internacionales",
    "nombre": "Queso gouda viejo Selección Mundial de Dia bolsa 200 g",
    "precio_unitario": "2,54 €",
    "precio_por_unidad": "(12,70 €/kg)",
    "imagen": "https://www.dia.es/product_images/265535/265535_ISO_0_ES.jpg?imwidth=392"
  },
  {
    "categoria": "Quesos internacionales",
    "nombre": "Queso mozzarella di bufala campana D.O.P. Selección Mundial de Dia tarrina 125 g",
    "precio_unitario": "1,76 €",
    "precio_por_unidad": "(14,08 €/kg)",
    "imagen": "https://www.dia.es/product_images/263621/263621_ISO_0_ES.jpg?imwidth=392"
  },
  {
    "categoria": "Quesos internacionales",
    "nombre": "Queso gouda sin lactosa Selección Mundial de Dia sobre 200 g",
    "precio_unitario": "1,99 €",
    "precio_por_unidad": "(9,95 €/kg)",
    "imagen": "https://www.dia.es/product_images/263215/263215_ISO_0_ES.jpg?imwidth=392"
  },
  {
    "categoria": "Quesos internacionales",
    "nombre": "Queso parmigiano reggiano D.O.P. en escamas Selección Mundial de Dia tarrina 80 g",
    "precio_unitario": "1,99 €",
    "precio_por_unidad": "(24,88 €/kg)",
    "imagen": "https://www.dia.es/product_images/207456/207456_ISO_0_ES.jpg?imwidth=392"
  },
  {
    "categoria": "Foie, paté y sobrasada",
    "nombre": "Paté de atún Nuestra Alacena de Dia pack 2 x 75 g",
    "precio_unitario": "1,60 €",
    "precio_por_unidad": "(10,67 €/kg)",
    "imagen": "https://www.dia.es/product_images/293539/293539_ISO_0_ES.jpg?imwidth=392"
  },
  {
    "categoria": "Foie, paté y sobrasada",
    "nombre": "Paté de salmón Nuestra Alacena de Dia frasco 110 g",
    "precio_unitario": "1,00 €",
    "precio_por_unidad": "(9,09 €/kg)",
    "imagen": "https://www.dia.es/product_images/286535/286535_ISO_0_ES.jpg?imwidth=392"
  },
  {
    "categoria": "Foie, paté y sobrasada",
    "nombre": "Mousse de foie de pato Aoste blister 100 g",
    "precio_unitario": "1,99 €",
    "precio_por_unidad": "(19,90 €/kg)",
    "imagen": "https://www.dia.es/product_images/280341/280341_ISO_0_ES.jpg?imwidth=392"
  },
  {
    "categoria": "Foie, paté y sobrasada",
    "nombre": "Paté de cerdo intenso Nuestra Alacena de Dia pack 3 x 75 g",
    "precio_unitario": "1,75 €",
    "precio_por_unidad": "(7,78 €/kg)",
    "imagen": "https://www.dia.es/product_images/293538/293538_ISO_0_ES.jpg?imwidth=392"
  },
  {
    "categoria": "Foie, paté y sobrasada",
    "nombre": "Paté a la pimienta Nuestra Alacena de Dia frasco 125 g",
    "precio_unitario": "1,09 €",
    "precio_por_unidad": "(8,72 €/kg)",
    "imagen": "https://www.dia.es/product_images/39997/39997_ISO_0_ES.jpg?imwidth=392"
  },
  {
    "categoria": "Foie, paté y sobrasada",
    "nombre": "Paté a las finas hierbas Nuestra Alacena de Dia frasco 125 g",
    "precio_unitario": "1,09 €",
    "precio_por_unidad": "(8,72 €/kg)",
    "imagen": "https://www.dia.es/product_images/39998/39998_ISO_0_ES.jpg?imwidth=392"
  },
  {
    "categoria": "Foie, paté y sobrasada",
    "nombre": "Paté La piara Tapa Negra lata 3 x 75 g",
    "precio_unitario": "3,99 €",
    "precio_por_unidad": "(17,73 €/kg)",
    "imagen": "https://www.dia.es/product_images/284/284_ISO_0_ES.jpg?imwidth=392"
  },
  {
    "categoria": "Foie, paté y sobrasada",
    "nombre": "Paté de anchoa Nuestra Alacena de Dia frasco 110 g",
    "precio_unitario": "1,00 €",
    "precio_por_unidad": "(9,09 €/kg)",
    "imagen": "https://www.dia.es/product_images/286536/286536_ISO_0_ES.jpg?imwidth=392"
  },
  {
    "categoria": "Foie, paté y sobrasada",
    "nombre": "Paté de hígado de cerdo suave Nuestra Alacena de Dia pack 2 x 75 g",
    "precio_unitario": "1,29 €",
    "precio_por_unidad": "(8,60 €/kg)",
    "imagen": "https://www.dia.es/product_images/293540/293540_ISO_0_ES.jpg?imwidth=392"
  },
  {
    "categoria": "Foie, paté y sobrasada",
    "nombre": "Crema de queso azul con cebolla caramelizada Nuestra Alacena de Dia frasco 110 g",
    "precio_unitario": "1,89 €",
    "precio_por_unidad": "(17,18 €/kg)",
    "imagen": "https://www.dia.es/product_images/295196/295196_ISO_0_ES.jpg?imwidth=392"
  },
  {
    "categoria": "Foie, paté y sobrasada",
    "nombre": "Paté de campaña Nuestra Alacena de Dia frasco 125 g",
    "precio_unitario": "1,09 €",
    "precio_por_unidad": "(8,72 €/kg)",
    "imagen": "https://www.dia.es/product_images/57938/57938_ISO_0_ES.jpg?imwidth=392"
  },
  {
    "categoria": "Foie, paté y sobrasada",
    "nombre": "Paté de cerdo ibérico Nuestra Alacena de Dia frasco 125 g",
    "precio_unitario": "1,09 €",
    "precio_por_unidad": "(8,72 €/kg)",
    "imagen": "https://www.dia.es/product_images/57937/57937_ISO_0_ES.jpg?imwidth=392"
  },
  {
    "categoria": "Foie, paté y sobrasada",
    "nombre": "Paté de mejillones en escabeche Nuestra Alacena de Dia frasco 110 g",
    "precio_unitario": "1,49 €",
    "precio_por_unidad": "(13,55 €/kg)",
    "imagen": "https://www.dia.es/product_images/302297/302297_ISO_0_ES.jpg?imwidth=392"
  },
  {
    "categoria": "Foie, paté y sobrasada",
    "nombre": "Paté de pato superior Martiko blister 75 g",
    "precio_unitario": "1,95 €",
    "precio_por_unidad": "(26,00 €/kg)",
    "imagen": "https://www.dia.es/product_images/213550/213550_ISO_0_ES.jpg?imwidth=392"
  },
  {
    "categoria": "Foie, paté y sobrasada",
    "nombre": "Paté de cerdo ibérico con trufa Nuestra Alacena de Dia frasco 110 g",
    "precio_unitario": "1,89 €",
    "precio_por_unidad": "(17,18 €/kg)",
    "imagen": "https://www.dia.es/product_images/302923/302923_ISO_0_ES.jpg?imwidth=392"
  },
  {
    "categoria": "Foie, paté y sobrasada",
    "nombre": "Paté de hígado de cerdo Mina lata 3 x 80 g",
    "precio_unitario": "2,19 €",
    "precio_por_unidad": "(9,13 €/kg)",
    "imagen": "https://www.dia.es/product_images/61982/61982_ISO_0_ES.jpg?imwidth=392"
  },
  {
    "categoria": "Foie, paté y sobrasada",
    "nombre": "Paté de jamón Nuestra Alacena de Dia frasco 110 g",
    "precio_unitario": "1,49 €",
    "precio_por_unidad": "(13,55 €/kg)",
    "imagen": "https://www.dia.es/product_images/286531/286531_ISO_0_ES.jpg?imwidth=392"
  },
  {
    "categoria": "Foie, paté y sobrasada",
    "nombre": "Paté de cerdo a las finas hierbas 2 unidades La cuina blister 100 g",
    "precio_unitario": "1,29 €",
    "precio_por_unidad": "(12,90 €/kg)",
    "imagen": "https://www.dia.es/product_images/295873/295873_ISO_0_ES.jpg?imwidth=392"
  },
  {
    "categoria": "Foie, paté y sobrasada",
    "nombre": "Crema de pulpo a la gallega Nuestra Alacena de Dia frasco 110 g",
    "precio_unitario": "1,89 €",
    "precio_por_unidad": "(17,18 €/kg)",
    "imagen": "https://www.dia.es/product_images/302903/302903_ISO_0_ES.jpg?imwidth=392"
  },
  {
    "categoria": "Foie, paté y sobrasada",
    "nombre": "Bloc de foie de pato Capdevila lata 135 g",
    "precio_unitario": "5,99 €",
    "precio_por_unidad": "(44,37 €/kg)",
    "imagen": "https://www.dia.es/product_images/304782/304782_ISO_0_ES.jpg?imwidth=392"
  },
  {
    "categoria": "Foie, paté y sobrasada",
    "nombre": "Paté de tomate y albahaca Carlota Organic frasco 110 g",
    "precio_unitario": "2,19 €",
    "precio_por_unidad": "(19,91 €/kg)",
    "imagen": "https://www.dia.es/product_images/303493/303493_ISO_0_ES.jpg?imwidth=392"
  },
  {
    "categoria": "Foie, paté y sobrasada",
    "nombre": "Paté de papaya, manzana y curry Carlota Organic frasco 110 g",
    "precio_unitario": "2,19 €",
    "precio_por_unidad": "(19,91 €/kg)",
    "imagen": "https://www.dia.es/product_images/303471/303471_ISO_0_ES.jpg?imwidth=392"
  },
  {
    "categoria": "Foie, paté y sobrasada",
    "nombre": "Paté de berenjena y semillas de girasol Carlota Organic frasco 110 g",
    "precio_unitario": "2,19 €",
    "precio_por_unidad": "(19,91 €/kg)",
    "imagen": "https://www.dia.es/product_images/303469/303469_ISO_0_ES.jpg?imwidth=392"
  },
  {
    "categoria": "Foie, paté y sobrasada",
    "nombre": "Paté de cerdo ibérico con moscatel Nuestra Alacena de Dia frasco 110 g",
    "precio_unitario": "1,89 €",
    "precio_por_unidad": "(17,18 €/kg)",
    "imagen": "https://www.dia.es/product_images/302925/302925_ISO_0_ES.jpg?imwidth=392"
  },
  {
    "categoria": "Foie, paté y sobrasada",
    "nombre": "Paté de cerdo ibérico con higos Nuestra Alacena de Dia frasco 110 g",
    "precio_unitario": "1,89 €",
    "precio_por_unidad": "(17,18 €/kg)",
    "imagen": "https://www.dia.es/product_images/302924/302924_ISO_0_ES.jpg?imwidth=392"
  },
  {
    "categoria": "Foie, paté y sobrasada",
    "nombre": "Crema de calamares en su tinta Nuestra Alacena de Dia frasco 110 g",
    "precio_unitario": "1,89 €",
    "precio_por_unidad": "(17,18 €/kg)",
    "imagen": "https://www.dia.es/product_images/302905/302905_ISO_0_ES.jpg?imwidth=392"
  },
  {
    "categoria": "Foie, paté y sobrasada",
    "nombre": "Crema de gambas al ajillo Nuestra Alacena de Dia frasco 110 g",
    "precio_unitario": "1,89 €",
    "precio_por_unidad": "(17,18 €/kg)",
    "imagen": "https://www.dia.es/product_images/302904/302904_ISO_0_ES.jpg?imwidth=392"
  },
  {
    "categoria": "Foie, paté y sobrasada",
    "nombre": "Surtido de patés Iberitos lata 3 x 80 g",
    "precio_unitario": "2,95 €",
    "precio_por_unidad": "(12,29 €/kg)",
    "imagen": "https://www.dia.es/product_images/296692/296692_ISO_0_ES.jpg?imwidth=392"
  },
  {
    "categoria": "Foie, paté y sobrasada",
    "nombre": "Paté de cerdo a la pimienta 2 unidades La cuina blister 100 g",
    "precio_unitario": "1,29 €",
    "precio_por_unidad": "(12,90 €/kg)",
    "imagen": "https://www.dia.es/product_images/295874/295874_ISO_0_ES.jpg?imwidth=392"
  },
  {
    "categoria": "Foie, paté y sobrasada",
    "nombre": "Crema de queso de cabra con anacardos Nuestra Alacena de Dia frasco 110 g",
    "precio_unitario": "1,89 €",
    "precio_por_unidad": "(17,18 €/kg)",
    "imagen": "https://www.dia.es/product_images/295195/295195_ISO_0_ES.jpg?imwidth=392"
  },
  {
    "categoria": "Foie, paté y sobrasada",
    "nombre": "Crema de queso curado con aceite de oliva virgen extra Nuestra Alacena de Dia frasco 110 g",
    "precio_unitario": "1,89 €",
    "precio_por_unidad": "(17,18 €/kg)",
    "imagen": "https://www.dia.es/product_images/295194/295194_ISO_0_ES.jpg?imwidth=392"
  },
  {
    "categoria": "Foie, paté y sobrasada",
    "nombre": "Verduras braseadas Vegedia frasco 110 g",
    "precio_unitario": "1,49 €",
    "precio_por_unidad": "(13,55 €/kg)",
    "imagen": "https://www.dia.es/product_images/286534/286534_ISO_0_ES.jpg?imwidth=392"
  },
  {
    "categoria": "Foie, paté y sobrasada",
    "nombre": "Paté olivada Vegedia frasco 110 g",
    "precio_unitario": "1,49 €",
    "precio_por_unidad": "(13,55 €/kg)",
    "imagen": "https://www.dia.es/product_images/286533/286533_ISO_0_ES.jpg?imwidth=392"
  },
  {
    "categoria": "Foie, paté y sobrasada",
    "nombre": "Paté de pollo Nuestra Alacena de Dia frasco 110 g",
    "precio_unitario": "1,49 €",
    "precio_por_unidad": "(13,55 €/kg)",
    "imagen": "https://www.dia.es/product_images/286532/286532_ISO_0_ES.jpg?imwidth=392"
  },
  {
    "categoria": "Foie, paté y sobrasada",
    "nombre": "Crema de espárragos Nuestra Alacena de Dia frasco 110 g",
    "precio_unitario": "1,89 €",
    "precio_por_unidad": "(17,18 €/kg)",
    "imagen": "https://www.dia.es/product_images/285930/285930_ISO_0_ES.jpg?imwidth=392"
  },
  {
    "categoria": "Foie, paté y sobrasada",
    "nombre": "Crema de alcachofas Nuestra Alacena de Dia frasco 110 g",
    "precio_unitario": "1,89 €",
    "precio_por_unidad": "(17,18 €/kg)",
    "imagen": "https://www.dia.es/product_images/285929/285929_ISO_0_ES.jpg?imwidth=392"
  },
  {
    "categoria": "Foie, paté y sobrasada",
    "nombre": "Crema de pimientos del piquillo Nuestra Alacena de Dia frasco 110 g",
    "precio_unitario": "1,89 €",
    "precio_por_unidad": "(17,18 €/kg)",
    "imagen": "https://www.dia.es/product_images/285928/285928_ISO_0_ES.jpg?imwidth=392"
  },
  {
    "categoria": "Foie, paté y sobrasada",
    "nombre": "Bloc paté de pato Sivore lata 150 g",
    "precio_unitario": "3,49 €",
    "precio_por_unidad": "(23,27 €/kg)",
    "imagen": "https://www.dia.es/product_images/282420/282420_ISO_0_ES.jpg?imwidth=392"
  },
  {
    "categoria": "Foie, paté y sobrasada",
    "nombre": "Paté con pedro ximénez La piara frasco 130 g",
    "precio_unitario": "2,19 €",
    "precio_por_unidad": "(16,85 €/kg)",
    "imagen": "https://www.dia.es/product_images/282387/282387_ISO_0_ES.jpg?imwidth=392"
  },
  {
    "categoria": "Foie, paté y sobrasada",
    "nombre": "Paté ibérico al oporto Gourmet cazorla frasco 110 g",
    "precio_unitario": "1,95 €",
    "precio_por_unidad": "(17,73 €/kg)",
    "imagen": "https://www.dia.es/product_images/274870/274870_ISO_0_ES.jpg?imwidth=392"
  },
  {
    "categoria": "Foie, paté y sobrasada",
    "nombre": "Paté de ciervo al pedro ximénez Gourmet cazorla frasco 110 g",
    "precio_unitario": "1,95 €",
    "precio_por_unidad": "(17,73 €/kg)",
    "imagen": "https://www.dia.es/product_images/274869/274869_ISO_0_ES.jpg?imwidth=392"
  },
  {
    "categoria": "Foie, paté y sobrasada",
    "nombre": "Paté de perdiz Gourmet cazorla frasco 110 g",
    "precio_unitario": "1,95 €",
    "precio_por_unidad": "(17,73 €/kg)",
    "imagen": "https://www.dia.es/product_images/274868/274868_ISO_0_ES.jpg?imwidth=392"
  },
  {
    "categoria": "Foie, paté y sobrasada",
    "nombre": "Paté La piara Tapa Negra lata 225 g",
    "precio_unitario": "3,49 €",
    "precio_por_unidad": "(15,51 €/kg)",
    "imagen": "https://www.dia.es/product_images/262/262_ISO_0_ES.jpg?imwidth=392"
  },
  {
    "categoria": "Foie, paté y sobrasada",
    "nombre": "Foie gras de pato Martiko blister 40 g",
    "precio_unitario": "2,95 €",
    "precio_por_unidad": "(73,75 €/kg)",
    "imagen": "https://www.dia.es/product_images/214474/214474_ISO_0_ES.jpg?imwidth=392"
  },
  {
    "categoria": "Foie, paté y sobrasada",
    "nombre": "Crema de pollo natural La piara lata 2 x 75 g",
    "precio_unitario": "3,99 €",
    "precio_por_unidad": "(26,60 €/kg)",
    "imagen": "https://www.dia.es/product_images/187265/187265_ISO_0_ES.jpg?imwidth=392"
  },
  {
    "categoria": "Foie, paté y sobrasada",
    "nombre": "Crema de atún La piara frasco 180 g",
    "precio_unitario": "3,89 €",
    "precio_por_unidad": "(21,61 €/kg)",
    "imagen": "https://www.dia.es/product_images/17986/17986_ISO_0_ES.jpg?imwidth=392"
  },
  {
    "categoria": "Foie, paté y sobrasada",
    "nombre": "Paté de atún La piara lata 150 g",
    "precio_unitario": "3,95 €",
    "precio_por_unidad": "(26,33 €/kg)",
    "imagen": "https://www.dia.es/product_images/129843/129843_ISO_0_ES.jpg?imwidth=392"
  },
  {
    "categoria": "Foie, paté y sobrasada",
    "nombre": "Paté tapa negra ibérico La piara Tapa Negra lata 2 x 73 g",
    "precio_unitario": "3,99 €",
    "precio_por_unidad": "(27,33 €/kg)",
    "imagen": "https://www.dia.es/product_images/123844/123844_ISO_0_ES.jpg?imwidth=392"
  },
  {
    "categoria": "Foie, paté y sobrasada",
    "nombre": "Paté picante La piara lata 2 x 73 g",
    "precio_unitario": "3,99 €",
    "precio_por_unidad": "(27,33 €/kg)",
    "imagen": "https://www.dia.es/product_images/119815/119815_ISO_0_ES.jpg?imwidth=392"
  },
  {
    "categoria": "Foie, paté y sobrasada",
    "nombre": "Paté menos grasa La piara Tapa Negra lata 2 x 73 g",
    "precio_unitario": "3,99 €",
    "precio_por_unidad": "(27,33 €/kg)",
    "imagen": "https://www.dia.es/product_images/116542/116542_ISO_0_ES.jpg?imwidth=392"
  },
  {
    "categoria": "Vacuno",
    "nombre": "Ternera en tacos añojo Selección de Dia bandeja 450 g aprox.",
    "precio_unitario": "6,30 €",
    "precio_por_unidad": "(13,99 €/kg)",
    "imagen": "https://www.dia.es/product_images/276318/276318_ISO_0_ES.jpg?imwidth=392"
  },
  {
    "categoria": "Vacuno",
    "nombre": "Escalopines de ternera Selección de Dia bandeja 400 g aprox.",
    "precio_unitario": "6,36 €",
    "precio_por_unidad": "(15,89 €/kg)",
    "imagen": "https://www.dia.es/product_images/170629/170629_ISO_0_ES.jpg?imwidth=392"
  },
  {
    "categoria": "Vacuno",
    "nombre": "Filete 1ºa de ternera Selección de Dia bandeja 450 g aprox.",
    "precio_unitario": "7,20 €",
    "precio_por_unidad": "(15,99 €/kg)",
    "imagen": "https://www.dia.es/product_images/181288/181288_ISO_0_ES.jpg?imwidth=392"
  },
  {
    "categoria": "Vacuno",
    "nombre": "Entrecot de lomo bajo de vacuno Selección de Dia bandeja 420 g aprox.",
    "precio_unitario": "8,40 €",
    "precio_por_unidad": "(19,99 €/kg)",
    "imagen": "https://www.dia.es/product_images/276321/276321_ISO_0_ES.jpg?imwidth=392"
  },
  {
    "categoria": "Vacuno",
    "nombre": "Escalopín de vacuno extratierno Elpozo Extratiernos bandeja 600 g aprox.",
    "precio_unitario": "9,59 €",
    "precio_por_unidad": "(15,99 €/kg)",
    "imagen": "https://www.dia.es/product_images/294355/294355_ISO_0_ES.jpg?imwidth=392"
  },
  {
    "categoria": "Vacuno",
    "nombre": "Medallón de cadera vacuno Selección de Dia bandeja 350 g aprox.",
    "precio_unitario": "5,95 €",
    "precio_por_unidad": "(16,99 €/kg)",
    "imagen": "https://www.dia.es/product_images/277913/277913_ISO_0_ES.jpg?imwidth=392"
  },
  {
    "categoria": "Vacuno",
    "nombre": "Filete tapilla añojo Selección de Dia bandeja 350 g aprox.",
    "precio_unitario": "7,00 €",
    "precio_por_unidad": "(19,99 €/kg)",
    "imagen": "https://www.dia.es/product_images/300101/300101_ISO_0_ES.jpg?imwidth=392"
  },
  {
    "categoria": "Vacuno",
    "nombre": "Carpaccio con salsa de trufa Casa de vacas bandeja 125 g",
    "precio_unitario": "4,99 €",
    "precio_por_unidad": "(39,92 €/kg)",
    "imagen": "https://www.dia.es/product_images/304838/304838_ISO_0_ES.jpg?imwidth=392"
  },
  {
    "categoria": "Vacuno",
    "nombre": "Steak tartar marinado Casa de vacas bandeja 180 g",
    "precio_unitario": "8,99 €",
    "precio_por_unidad": "(49,94 €/kg)",
    "imagen": "https://www.dia.es/product_images/304837/304837_ISO_0_ES.jpg?imwidth=392"
  },
  {
    "categoria": "Cerdo",
    "nombre": "Estofado de cerdo Selección de Dia bandeja 500 g aprox.",
    "precio_unitario": "3,20 €",
    "precio_por_unidad": "(6,39 €/kg)",
    "imagen": "https://www.dia.es/product_images/290996/290996_ISO_0_ES.jpg?imwidth=392"
  },
  {
    "categoria": "Cerdo",
    "nombre": "Filete de cinta de lomo marinado Selección de Dia bandeja 300 g",
    "precio_unitario": "2,69 €",
    "precio_por_unidad": "(8,97 €/kg)",
    "imagen": "https://www.dia.es/product_images/166223/166223_ISO_0_ES.jpg?imwidth=392"
  },
  {
    "categoria": "Cerdo",
    "nombre": "Solomillo de cerdo Selección de Dia bolsa 600 g aprox.",
    "precio_unitario": "5,39 €",
    "precio_por_unidad": "(8,99 €/kg)",
    "imagen": "https://www.dia.es/product_images/11077/11077_ISO_0_ES.jpg?imwidth=392"
  },
  {
    "categoria": "Cerdo",
    "nombre": "Costillas troceadas de cerdo Selección de Dia bandeja 450 g aprox.",
    "precio_unitario": "2,86 €",
    "precio_por_unidad": "(6,35 €/kg)",
    "imagen": "https://www.dia.es/product_images/291164/291164_ISO_0_ES.jpg?imwidth=392"
  },
  {
    "categoria": "Cerdo",
    "nombre": "Longaniza sin tripa Selección de Dia bandeja 325 g",
    "precio_unitario": "1,99 €",
    "precio_por_unidad": "(6,12 €/kg)",
    "imagen": "https://www.dia.es/product_images/112150/112150_ISO_0_ES.jpg?imwidth=392"
  },
  {
    "categoria": "Cerdo",
    "nombre": "Chuleta de aguja de cerdo Selección de Dia bandeja 600 g aprox.",
    "precio_unitario": "3,89 €",
    "precio_por_unidad": "(6,49 €/kg)",
    "imagen": "https://www.dia.es/product_images/260861/260861_ISO_0_ES.jpg?imwidth=392"
  },
  {
    "categoria": "Cerdo",
    "nombre": "Escalopín de lomo de cerdo marinado Elpozo Extratiernos bandeja 600 g aprox.",
    "precio_unitario": "4,99 €",
    "precio_por_unidad": "(8,32 €/kg)",
    "imagen": "https://www.dia.es/product_images/113270/113270_ISO_0_ES.jpg?imwidth=392"
  },
  {
    "categoria": "Cerdo",
    "nombre": "Arreglo para caldo Selección de Dia bandeja 1 Kg aprox.",
    "precio_unitario": "5,39 €",
    "precio_por_unidad": "(5,39 €/kg)",
    "imagen": "https://www.dia.es/product_images/186429/186429_ISO_0_ES.jpg?imwidth=392"
  },
  {
    "categoria": "Cerdo",
    "nombre": "Filete de cinta de lomo Selección de Dia bandeja 450 g aprox.",
    "precio_unitario": "3,37 €",
    "precio_por_unidad": "(7,49 €/kg)",
    "imagen": "https://www.dia.es/product_images/290994/290994_ISO_0_ES.jpg?imwidth=392"
  },
  {
    "categoria": "Cerdo",
    "nombre": "Albóndigas de cerdo Selección de Dia bandeja 400 g",
    "precio_unitario": "2,49 €",
    "precio_por_unidad": "(6,23 €/kg)",
    "imagen": "https://www.dia.es/product_images/271754/271754_ISO_0_ES.jpg?imwidth=392"
  },
  {
    "categoria": "Cerdo",
    "nombre": "Filetes de cabeza de lomo de cerdo Selección de Dia bandeja 500 g aprox.",
    "precio_unitario": "3,50 €",
    "precio_por_unidad": "(6,99 €/kg)",
    "imagen": "https://www.dia.es/product_images/260899/260899_ISO_0_ES.jpg?imwidth=392"
  },
  {
    "categoria": "Cerdo",
    "nombre": "Chorizo oreado Selección de Dia bandeja 300 g",
    "precio_unitario": "2,29 €",
    "precio_por_unidad": "(7,63 €/kg)",
    "imagen": "https://www.dia.es/product_images/273359/273359_ISO_0_ES.jpg?imwidth=392"
  },
  {
    "categoria": "Cerdo",
    "nombre": "Chuleta de lomo de cerdo Selección de Dia bandeja 600 g aprox.",
    "precio_unitario": "4,13 €",
    "precio_por_unidad": "(6,89 €/kg)",
    "imagen": "https://www.dia.es/product_images/290992/290992_ISO_0_ES.jpg?imwidth=392"
  },
  {
    "categoria": "Cerdo",
    "nombre": "Secreto de cerdo Selección de Dia bolsa 550 g aprox.",
    "precio_unitario": "3,84 €",
    "precio_por_unidad": "(6,99 €/kg)",
    "imagen": "https://www.dia.es/product_images/144690/144690_ISO_0_ES.jpg?imwidth=392"
  },
  {
    "categoria": "Cerdo",
    "nombre": "Lomo adobado al horno bandeja 330 g",
    "precio_unitario": "2,99 €",
    "precio_por_unidad": "(9,06 €/kg)",
    "imagen": "https://www.dia.es/product_images/1372/1372_ISO_0_ES.jpg?imwidth=392"
  },
  {
    "categoria": "Cerdo",
    "nombre": "Tira de costilla de cerdo envasada al vacío Selección de Dia bolsa 900 g aprox.",
    "precio_unitario": "6,56 €",
    "precio_por_unidad": "(7,29 €/kg)",
    "imagen": "https://www.dia.es/product_images/134262/134262_ISO_0_ES.jpg?imwidth=392"
  },
  {
    "categoria": "Cerdo",
    "nombre": "Longaniza fresca Selección de Dia bandeja 350 g",
    "precio_unitario": "2,69 €",
    "precio_por_unidad": "(7,69 €/kg)",
    "imagen": "https://www.dia.es/product_images/282904/282904_ISO_0_ES.jpg?imwidth=392"
  },
  {
    "categoria": "Cerdo",
    "nombre": "Compango asturiano Vallina bolsa 250 g",
    "precio_unitario": "2,69 €",
    "precio_por_unidad": "(10,76 €/kg)",
    "imagen": "https://www.dia.es/product_images/159422/159422_ISO_0_ES.jpg?imwidth=392"
  },
  {
    "categoria": "Cerdo",
    "nombre": "Panceta fileteada de cerdo Selección de Dia bandeja 500 g aprox.",
    "precio_unitario": "3,90 €",
    "precio_por_unidad": "(7,79 €/kg)",
    "imagen": "https://www.dia.es/product_images/290997/290997_ISO_0_ES.jpg?imwidth=392"
  },
  {
    "categoria": "Cerdo",
    "nombre": "Cinta de lomo adobada Selección de Dia bandeja 900 g aprox.",
    "precio_unitario": "7,19 €",
    "precio_por_unidad": "(7,99 €/kg)",
    "imagen": "https://www.dia.es/product_images/111575/111575_ISO_0_ES.jpg?imwidth=392"
  },
  {
    "categoria": "Pavo",
    "nombre": "Solomillo de pavo Selección de Dia bandeja 400 g aprox.",
    "precio_unitario": "3,20 €",
    "precio_por_unidad": "(7,99 €/kg)",
    "imagen": "https://www.dia.es/product_images/261350/261350_ISO_0_ES.jpg?imwidth=392"
  },
  {
    "categoria": "Pavo",
    "nombre": "Chuletas de pavo al ajillo Selección de Dia bandeja 550 g aprox.",
    "precio_unitario": "3,84 €",
    "precio_por_unidad": "(6,99 €/kg)",
    "imagen": "https://www.dia.es/product_images/147147/147147_ISO_0_ES.jpg?imwidth=392"
  },
  {
    "categoria": "Pavo",
    "nombre": "Filetes de pechuga de pavo Selección de Dia bandeja 650 g aprox.",
    "precio_unitario": "5,84 €",
    "precio_por_unidad": "(8,99 €/kg)",
    "imagen": "https://www.dia.es/product_images/261349/261349_ISO_0_ES.jpg?imwidth=392"
  },
  {
    "categoria": "Pavo",
    "nombre": "Pechuga de pavo adobada Serrano bandeja 240 g",
    "precio_unitario": "2,29 €",
    "precio_por_unidad": "(9,54 €/kg)",
    "imagen": "https://www.dia.es/product_images/71825/71825_ISO_0_ES.jpg?imwidth=392"
  },
  {
    "categoria": "Pavo",
    "nombre": "Filete de pavo al pimentón Selección de Dia bandeja 575 g aprox.",
    "precio_unitario": "5,17 €",
    "precio_por_unidad": "(8,99 €/kg)",
    "imagen": "https://www.dia.es/product_images/186193/186193_ISO_0_ES.jpg?imwidth=392"
  },
  {
    "categoria": "Pavo",
    "nombre": "Solomillo de pavo marinado al curry Selección de Dia bandeja 450 g aprox.",
    "precio_unitario": "3,82 €",
    "precio_por_unidad": "(8,49 €/kg)",
    "imagen": "https://www.dia.es/product_images/302915/302915_ISO_0_ES.jpg?imwidth=392"
  },
  {
    "categoria": "Pavo",
    "nombre": "Fiambre de lomo de pavo Serrano bandeja 240 g",
    "precio_unitario": "2,19 €",
    "precio_por_unidad": "(9,13 €/kg)",
    "imagen": "https://www.dia.es/product_images/71826/71826_ISO_0_ES.jpg?imwidth=392"
  },
  {
    "categoria": "Conejo",
    "nombre": "Medio conejo troceado Selección de Dia bandeja 650 g aprox.",
    "precio_unitario": "6,17 €",
    "precio_por_unidad": "(9,49 €/kg)",
    "imagen": "https://www.dia.es/product_images/7020/7020_ISO_0_ES.jpg?imwidth=392"
  },
  {
    "categoria": "Conejo",
    "nombre": "Conejo entero Selección de Dia bolsa 1.25 Kg aprox.",
    "precio_unitario": "10,61 €",
    "precio_por_unidad": "(8,49 €/kg)",
    "imagen": "https://www.dia.es/product_images/17934/17934_ISO_0_ES.jpg?imwidth=392"
  },
  {
    "categoria": "Hamburguesas y carne picada",
    "nombre": "Preparado de carne picada de cerdo y vacuno Selección de Dia bandeja 500 g",
    "precio_unitario": "3,79 €",
    "precio_por_unidad": "(7,58 €/kg)",
    "imagen": "https://www.dia.es/product_images/261241/261241_ISO_0_ES.jpg?imwidth=392"
  },
  {
    "categoria": "Hamburguesas y carne picada",
    "nombre": "Burger meat de cerdo y vacuno Selección de Dia bandeja 540 g",
    "precio_unitario": "3,99 €",
    "precio_por_unidad": "(7,39 €/kg)",
    "imagen": "https://www.dia.es/product_images/244789/244789_ISO_0_ES.jpg?imwidth=392"
  },
  {
    "categoria": "Hamburguesas y carne picada",
    "nombre": "Burger meat de pollo Selección de Dia bandeja 540 g",
    "precio_unitario": "3,99 €",
    "precio_por_unidad": "(7,39 €/kg)",
    "imagen": "https://www.dia.es/product_images/261374/261374_ISO_0_ES.jpg?imwidth=392"
  },
  {
    "categoria": "Hamburguesas y carne picada",
    "nombre": "Burger crunchy chicken 2 unidades Selección de Dia bandeja 240 g",
    "precio_unitario": "1,99 €",
    "precio_por_unidad": "(8,29 €/kg)",
    "imagen": "https://www.dia.es/product_images/288198/288198_ISO_0_ES.jpg?imwidth=392"
  },
  {
    "categoria": "Hamburguesas y carne picada",
    "nombre": "Preparado de carne picada de vacuno y cerdo Selección de Dia bandeja 900 g",
    "precio_unitario": "6,39 €",
    "precio_por_unidad": "(7,10 €/kg)",
    "imagen": "https://www.dia.es/product_images/261242/261242_ISO_0_ES.jpg?imwidth=392"
  },
  {
    "categoria": "Hamburguesas y carne picada",
    "nombre": "Preparado de carne picada de vacuno Selección de Dia bandeja 500 g",
    "precio_unitario": "3,99 €",
    "precio_por_unidad": "(7,98 €/kg)",
    "imagen": "https://www.dia.es/product_images/261239/261239_ISO_0_ES.jpg?imwidth=392"
  },
  {
    "categoria": "Hamburguesas y carne picada",
    "nombre": "Preparado de carne picada de cerdo Selección de Dia bandeja 500 g",
    "precio_unitario": "2,99 €",
    "precio_por_unidad": "(5,98 €/kg)",
    "imagen": "https://www.dia.es/product_images/261238/261238_ISO_0_ES.jpg?imwidth=392"
  },
  {
    "categoria": "Hamburguesas y carne picada",
    "nombre": "Preparado de carne picada de pavo y pollo Selección de Dia bandeja 365 g",
    "precio_unitario": "2,89 €",
    "precio_por_unidad": "(7,92 €/kg)",
    "imagen": "https://www.dia.es/product_images/291140/291140_ISO_0_ES.jpg?imwidth=392"
  },
  {
    "categoria": "Hamburguesas y carne picada",
    "nombre": "Burger meat de vacuno Selección de Dia bandeja 540 g",
    "precio_unitario": "4,79 €",
    "precio_por_unidad": "(8,87 €/kg)",
    "imagen": "https://www.dia.es/product_images/244790/244790_ISO_0_ES.jpg?imwidth=392"
  },
  {
    "categoria": "Hamburguesas y carne picada",
    "nombre": "Burger meat de pollo y espinacas Selección de Dia bandeja 200 g",
    "precio_unitario": "1,50 €",
    "precio_por_unidad": "(7,50 €/kg)",
    "imagen": "https://www.dia.es/product_images/275697/275697_ISO_0_ES.jpg?imwidth=392"
  },
  {
    "categoria": "Hamburguesas y carne picada",
    "nombre": "Burger meat big new york Selección de Dia bandeja 300 g",
    "precio_unitario": "3,59 €",
    "precio_por_unidad": "(11,97 €/kg)",
    "imagen": "https://www.dia.es/product_images/273119/273119_ISO_0_ES.jpg?imwidth=392"
  },
  {
    "categoria": "Hamburguesas y carne picada",
    "nombre": "Burger crunchy chicken bacón y queso Selección de Dia bandeja 200 g",
    "precio_unitario": "1,99 €",
    "precio_por_unidad": "(9,95 €/kg)",
    "imagen": "https://www.dia.es/product_images/303508/303508_ISO_0_ES.jpg?imwidth=392"
  },
  {
    "categoria": "Hamburguesas y carne picada",
    "nombre": "Preparado de carne picada de vacuno Selección de Dia bandeja 900 g",
    "precio_unitario": "6,99 €",
    "precio_por_unidad": "(7,77 €/kg)",
    "imagen": "https://www.dia.es/product_images/261240/261240_ISO_0_ES.jpg?imwidth=392"
  },
  {
    "categoria": "Hamburguesas y carne picada",
    "nombre": "Hamburguesa de vacuno ecológica Selección de Dia bandeja 240 g",
    "precio_unitario": "2,99 €",
    "precio_por_unidad": "(12,46 €/kg)",
    "imagen": "https://www.dia.es/product_images/272306/272306_ISO_0_ES.jpg?imwidth=392"
  },
  {
    "categoria": "Hamburguesas y carne picada",
    "nombre": "Preparado de carne picada de vacuno ecológico Selección de Dia bandeja 300 g",
    "precio_unitario": "3,89 €",
    "precio_por_unidad": "(12,97 €/kg)",
    "imagen": "https://www.dia.es/product_images/303270/303270_ISO_0_ES.jpg?imwidth=392"
  },
  {
    "categoria": "Hamburguesas y carne picada",
    "nombre": "Hamburguesa de vacuno ecológico baja en grasa Selección de Dia bandeja 150 g",
    "precio_unitario": "1,99 €",
    "precio_por_unidad": "(13,27 €/kg)",
    "imagen": "https://www.dia.es/product_images/302298/302298_ISO_0_ES.jpg?imwidth=392"
  },
  {
    "categoria": "Pescados",
    "nombre": "Escalopines de salmón Selección de Dia bandeja 350g aprox.",
    "precio_unitario": "8,20 €",
    "precio_por_unidad": "(23,42 €/kg)",
    "imagen": "https://www.dia.es/product_images/269628/269628_ISO_0_ES.jpg?imwidth=392"
  },
  {
    "categoria": "Pescados",
    "nombre": "Filete de dorada Selección de Dia bandeja 240 g aprox.",
    "precio_unitario": "5,49 €",
    "precio_por_unidad": "(22,87 €/kg)",
    "imagen": "https://www.dia.es/product_images/298039/298039_ISO_0_ES.jpg?imwidth=392"
  },
  {
    "categoria": "Pescados",
    "nombre": "Sepia Selección de Dia bandeja 320 g aprox.",
    "precio_unitario": "4,99 €",
    "precio_por_unidad": "(15,60 €/kg)",
    "imagen": "https://www.dia.es/product_images/298040/298040_ISO_0_ES.jpg?imwidth=392"
  },
  {
    "categoria": "Pescados",
    "nombre": "Filete de salmón Selección de Dia bandeja 365 g aprox.",
    "precio_unitario": "8,49 €",
    "precio_por_unidad": "(23,25 €/kg)",
    "imagen": "https://www.dia.es/product_images/162012/162012_ISO_0_ES.jpg?imwidth=392"
  },
  {
    "categoria": "Pescados",
    "nombre": "Buñuelos de bacalao Freskibo bandeja 225 g",
    "precio_unitario": "2,99 €",
    "precio_por_unidad": "(13,29 €/kg)",
    "imagen": "https://www.dia.es/product_images/299857/299857_ISO_0_ES.jpg?imwidth=392"
  },
  {
    "categoria": "Pescados",
    "nombre": "Salpicón de marisco con vinagreta bandeja 400 g",
    "precio_unitario": "4,99 €",
    "precio_por_unidad": "(12,48 €/kg)",
    "imagen": "https://www.dia.es/product_images/303631/303631_ISO_0_ES.jpg?imwidth=392"
  },
  {
    "categoria": "Ahumados, salazones y preparados",
    "nombre": "Salmón ahumado Selección Mundial de Dia sobre 100 g",
    "precio_unitario": "3,80 €",
    "precio_por_unidad": "(38,00 €/kg)",
    "imagen": "https://www.dia.es/product_images/263686/263686_ISO_0_ES.jpg?imwidth=392"
  },
  {
    "categoria": "Ahumados, salazones y preparados",
    "nombre": "Boquerones al vinagre MSC Mari Marinera de Dia bandeja 80 g",
    "precio_unitario": "2,39 €",
    "precio_por_unidad": "(29,88 €/kg)",
    "imagen": "https://www.dia.es/product_images/267319/267319_ISO_0_ES.jpg?imwidth=392"
  },
  {
    "categoria": "Ahumados, salazones y preparados",
    "nombre": "Anchoa del Cantábrico en aceite de oliva Mari Marinera de Dia pack 3 x 25 g",
    "precio_unitario": "2,99 €",
    "precio_por_unidad": "(39,87 €/kg)",
    "imagen": "https://www.dia.es/product_images/293674/293674_ISO_0_ES.jpg?imwidth=392"
  },
  {
    "categoria": "Ahumados, salazones y preparados",
    "nombre": "Filetes de anchoa del Cantábrico en aceite de girasol Mari Marinera de Dia pack 3 x 25 g",
    "precio_unitario": "2,79 €",
    "precio_por_unidad": "(37,20 €/kg)",
    "imagen": "https://www.dia.es/product_images/293673/293673_ISO_0_ES.jpg?imwidth=392"
  },
  {
    "categoria": "Ahumados, salazones y preparados",
    "nombre": "Salmón ahumado Selección Mundial de Dia sobre 200 g",
    "precio_unitario": "7,20 €",
    "precio_por_unidad": "(36,00 €/kg)",
    "imagen": "https://www.dia.es/product_images/44404/44404_ISO_0_ES.jpg?imwidth=392"
  },
  {
    "categoria": "Ahumados, salazones y preparados",
    "nombre": "Boquerones al vinagre con ajo y perejil MSC Mari Marinera de Dia bandeja 80 g",
    "precio_unitario": "2,49 €",
    "precio_por_unidad": "(31,13 €/kg)",
    "imagen": "https://www.dia.es/product_images/296779/296779_ISO_0_ES.jpg?imwidth=392"
  },
  {
    "categoria": "Ahumados, salazones y preparados",
    "nombre": "Trucha ahumada Mari Marinera de Dia bandeja 100 g",
    "precio_unitario": "3,69 €",
    "precio_por_unidad": "(36,90 €/kg)",
    "imagen": "https://www.dia.es/product_images/233894/233894_ISO_0_ES.jpg?imwidth=392"
  },
  {
    "categoria": "Ahumados, salazones y preparados",
    "nombre": "Aceituna gordal rellena de boquerón del Cantábrico MSC Kiele bandeja 150 g",
    "precio_unitario": "2,99 €",
    "precio_por_unidad": "(19,93 €/kg)",
    "imagen": "https://www.dia.es/product_images/296521/296521_ISO_0_ES.jpg?imwidth=392"
  },
  {
    "categoria": "Ahumados, salazones y preparados",
    "nombre": "Filetes de anchoa en aceite de girasol alto oleico Consorcio lata 23 g",
    "precio_unitario": "2,45 €",
    "precio_por_unidad": "(106,52 €/kg)",
    "imagen": "https://www.dia.es/product_images/303326/303326_ISO_0_ES.jpg?imwidth=392"
  },
  {
    "categoria": "Ahumados, salazones y preparados",
    "nombre": "Bacalao desmigado desalado MSC Mari Marinera de Dia bandeja 250 g",
    "precio_unitario": "4,79 €",
    "precio_por_unidad": "(19,16 €/kg)",
    "imagen": "https://www.dia.es/product_images/264608/264608_ISO_0_ES.jpg?imwidth=392"
  },
  {
    "categoria": "Ahumados, salazones y preparados",
    "nombre": "Filetes de sardina anchoada en salazón Kiele bandeja 50 g",
    "precio_unitario": "1,89 €",
    "precio_por_unidad": "(37,80 €/kg)",
    "imagen": "https://www.dia.es/product_images/181667/181667_ISO_0_ES.jpg?imwidth=392"
  },
  {
    "categoria": "Ahumados, salazones y preparados",
    "nombre": "Filetes de anchoa en aceite de oliva reducido sal MSC Mari Marinera de Dia lata 29 g",
    "precio_unitario": "1,99 €",
    "precio_por_unidad": "(68,62 €/kg)",
    "imagen": "https://www.dia.es/product_images/293675/293675_ISO_0_ES.jpg?imwidth=392"
  },
  {
    "categoria": "Ahumados, salazones y preparados",
    "nombre": "Salmón ahumado bajo en sal Skandia sobre 80 g",
    "precio_unitario": "3,99 €",
    "precio_por_unidad": "(49,88 €/kg)",
    "imagen": "https://www.dia.es/product_images/303878/303878_ISO_0_ES.jpg?imwidth=392"
  },
  {
    "categoria": "Ahumados, salazones y preparados",
    "nombre": "Anchoas en aceite de oliva MSC Mari Marinera de Dia lata 50 g",
    "precio_unitario": "3,89 €",
    "precio_por_unidad": "(77,80 €/kg)",
    "imagen": "https://www.dia.es/product_images/184569/184569_ISO_0_ES.jpg?imwidth=392"
  },
  {
    "categoria": "Ahumados, salazones y preparados",
    "nombre": "Huevas de capelán Royal frasco 50 g",
    "precio_unitario": "1,99 €",
    "precio_por_unidad": "(39,80 €/kg)",
    "imagen": "https://www.dia.es/product_images/179044/179044_ISO_0_ES.jpg?imwidth=392"
  },
  {
    "categoria": "Ahumados, salazones y preparados",
    "nombre": "Colas de langostino al ajillo Aguinamar bolsa 105 g",
    "precio_unitario": "3,19 €",
    "precio_por_unidad": "(30,38 €/kg)",
    "imagen": "https://www.dia.es/product_images/105460/105460_ISO_0_ES.jpg?imwidth=392"
  },
  {
    "categoria": "Ahumados, salazones y preparados",
    "nombre": "Bacalao ahumado Nuchar bandeja 80 g",
    "precio_unitario": "3,69 €",
    "precio_por_unidad": "(46,13 €/kg)",
    "imagen": "https://www.dia.es/product_images/279915/279915_ISO_0_ES.jpg?imwidth=392"
  },
  {
    "categoria": "Ahumados, salazones y preparados",
    "nombre": "Salmón ahumado marinado Nuchar sobre 80 g",
    "precio_unitario": "3,99 €",
    "precio_por_unidad": "(49,88 €/kg)",
    "imagen": "https://www.dia.es/product_images/296676/296676_ISO_0_ES.jpg?imwidth=392"
  },
  {
    "categoria": "Ahumados, salazones y preparados",
    "nombre": "Bacalao desmigado salado MSC Mari Marinera de Dia bandeja 250 g",
    "precio_unitario": "4,99 €",
    "precio_por_unidad": "(19,96 €/kg)",
    "imagen": "https://www.dia.es/product_images/264553/264553_ISO_0_ES.jpg?imwidth=392"
  },
  {
    "categoria": "Ahumados, salazones y preparados",
    "nombre": "Filetón de bacalao salado MSC Selección Mundial de Dia bolsa 700 g",
    "precio_unitario": "11,99 €",
    "precio_por_unidad": "(17,13 €/kg)",
    "imagen": "https://www.dia.es/product_images/264554/264554_ISO_0_ES.jpg?imwidth=392"
  },
  {
    "categoria": "Sucedáneo de angulas y surimi",
    "nombre": "Palitos de surimi refrigeradas MSC Mari Marinera de Dia bolsa 300 g",
    "precio_unitario": "1,89 €",
    "precio_por_unidad": "(6,30 €/kg)",
    "imagen": "https://www.dia.es/product_images/62403/62403_ISO_0_ES.jpg?imwidth=392"
  },
  {
    "categoria": "Sucedáneo de angulas y surimi",
    "nombre": "Sucedáneo de angula refrigerado MSC Mari Marinera de Dia bandeja 200 g",
    "precio_unitario": "2,79 €",
    "precio_por_unidad": "(13,95 €/kg)",
    "imagen": "https://www.dia.es/product_images/264682/264682_ISO_0_ES.jpg?imwidth=392"
  },
  {
    "categoria": "Sucedáneo de angulas y surimi",
    "nombre": "Sucedáneo de angula con gambas refrigerado Mari Marinera de Dia bandeja 200 g",
    "precio_unitario": "2,89 €",
    "precio_por_unidad": "(14,45 €/kg)",
    "imagen": "https://www.dia.es/product_images/287250/287250_ISO_0_ES.jpg?imwidth=392"
  },
  {
    "categoria": "Sucedáneo de angulas y surimi",
    "nombre": "Palitos de surimi Krissia bolsa 180 g",
    "precio_unitario": "2,99 €",
    "precio_por_unidad": "(16,61 €/kg)",
    "imagen": "https://www.dia.es/product_images/35499/35499_ISO_0_ES.jpg?imwidth=392"
  },
  {
    "categoria": "Sucedáneo de angulas y surimi",
    "nombre": "La Gula del Norte refrigerada La Gula del Norte bandeja 180 g",
    "precio_unitario": "5,99 €",
    "precio_por_unidad": "(33,28 €/kg)",
    "imagen": "https://www.dia.es/product_images/107047/107047_ISO_0_ES.jpg?imwidth=392"
  },
  {
    "categoria": "Ajos, cebollas y puerros",
    "nombre": "Cebolla malla 750 g",
    "precio_unitario": "1,29 €",
    "precio_por_unidad": "(1,72 €/kg)",
    "imagen": "https://www.dia.es/product_images/191535/191535_ISO_0_ES.jpg?imwidth=392"
  },
  {
    "categoria": "Ajos, cebollas y puerros",
    "nombre": "Ajos malla 250 g",
    "precio_unitario": "1,69 €",
    "precio_por_unidad": "(6,76 €/kg)",
    "imagen": "https://www.dia.es/product_images/17653/17653_ISO_0_ES.jpg?imwidth=392"
  },
  {
    "categoria": "Ajos, cebollas y puerros",
    "nombre": "Cebolla malla 1.5 Kg",
    "precio_unitario": "1,99 €",
    "precio_por_unidad": "(1,33 €/kg)",
    "imagen": "https://www.dia.es/product_images/193474/193474_ISO_0_ES.jpg?imwidth=392"
  },
  {
    "categoria": "Ajos, cebollas y puerros",
    "nombre": "Puerros bandeja 500 g",
    "precio_unitario": "2,29 €",
    "precio_por_unidad": "(4,58 €/kg)",
    "imagen": "https://www.dia.es/product_images/17230/17230_ISO_0_ES.jpg?imwidth=392"
  },
  {
    "categoria": "Ajos, cebollas y puerros",
    "nombre": "Cebolla tierna 1 unidad",
    "precio_unitario": "0,59 €",
    "precio_por_unidad": "(0,59 €/ud)",
    "imagen": "https://www.dia.es/product_images/302678/302678_ISO_0_ES.jpg?imwidth=392"
  },
  {
    "categoria": "Ajos, cebollas y puerros",
    "nombre": "Cebolla morada malla 500 g",
    "precio_unitario": "1,49 €",
    "precio_por_unidad": "(2,98 €/kg)",
    "imagen": "https://www.dia.es/product_images/57885/57885_ISO_0_ES.jpg?imwidth=392"
  },
  {
    "categoria": "Ajos, cebollas y puerros",
    "nombre": "Puerro 1 unidad",
    "precio_unitario": "0,99 €",
    "precio_por_unidad": "(4,95 €/kg)",
    "imagen": "https://www.dia.es/product_images/273369/273369_ISO_0_ES.jpg?imwidth=392"
  },
  {
    "categoria": "Ajos, cebollas y puerros",
    "nombre": "Ajo unidad aprox. 60 g",
    "precio_unitario": "0,59 €",
    "precio_por_unidad": "(9,83 €/kg)",
    "imagen": "https://www.dia.es/product_images/20280/20280_ISO_0_ES.jpg?imwidth=392"
  },
  {
    "categoria": "Ajos, cebollas y puerros",
    "nombre": "Cebolla dulce granel 1 Kg aprox.",
    "precio_unitario": "2,49 €",
    "precio_por_unidad": "(2,49 €/kg)",
    "imagen": "https://www.dia.es/product_images/45862/45862_ISO_0_ES.jpg?imwidth=392"
  },
  {
    "categoria": "Ajos, cebollas y puerros",
    "nombre": "Cebolla dulce malla 1 Kg",
    "precio_unitario": "1,99 €",
    "precio_por_unidad": "(1,99 €/kg)",
    "imagen": "https://www.dia.es/product_images/132920/132920_ISO_0_ES.jpg?imwidth=392"
  },
  {
    "categoria": "Ajos, cebollas y puerros",
    "nombre": "Ajo bio malla 200 g",
    "precio_unitario": "1,59 €",
    "precio_por_unidad": "(7,95 €/kg)",
    "imagen": "https://www.dia.es/product_images/232043/232043_ISO_0_ES.jpg?imwidth=392"
  },
  {
    "categoria": "Tomates, pimientos y pepinos",
    "nombre": "Pimiento verde granel 500 g aprox.",
    "precio_unitario": "1,25 €",
    "precio_por_unidad": "(2,49 €/kg)",
    "imagen": "https://www.dia.es/product_images/116/116_ISO_0_ES.jpg?imwidth=392"
  },
  {
    "categoria": "Tomates, pimientos y pepinos",
    "nombre": "Tomate canario malla 750 g",
    "precio_unitario": "1,79 €",
    "precio_por_unidad": "(2,39 €/kg)",
    "imagen": "https://www.dia.es/product_images/272686/272686_ISO_0_ES.jpg?imwidth=392"
  },
  {
    "categoria": "Tomates, pimientos y pepinos",
    "nombre": "Tomate ensalada granel 1 Kg aprox.",
    "precio_unitario": "2,39 €",
    "precio_por_unidad": "(2,39 €/kg)",
    "imagen": "https://www.dia.es/product_images/110/110_ISO_0_ES.jpg?imwidth=392"
  },
  {
    "categoria": "Tomates, pimientos y pepinos",
    "nombre": "Tomate cherry pera bandeja 250 g",
    "precio_unitario": "1,29 €",
    "precio_por_unidad": "(5,16 €/kg)",
    "imagen": "https://www.dia.es/product_images/161628/161628_ISO_0_ES.jpg?imwidth=392"
  },
  {
    "categoria": "Tomates, pimientos y pepinos",
    "nombre": "Pimientos tricolor bolsa 500 g",
    "precio_unitario": "1,89 €",
    "precio_por_unidad": "(3,78 €/kg)",
    "imagen": "https://www.dia.es/product_images/102283/102283_ISO_0_ES.jpg?imwidth=392"
  },
  {
    "categoria": "Tomates, pimientos y pepinos",
    "nombre": "Pimiento rojo unidad 390 g aprox.",
    "precio_unitario": "1,17 €",
    "precio_por_unidad": "(2,99 €/kg)",
    "imagen": "https://www.dia.es/product_images/74/74_ISO_0_ES.jpg?imwidth=392"
  },
  {
    "categoria": "Tomates, pimientos y pepinos",
    "nombre": "Pepino granel 1 Kg aprox.",
    "precio_unitario": "1,99 €",
    "precio_por_unidad": "(1,99 €/kg)",
    "imagen": "https://www.dia.es/product_images/272355/272355_ISO_0_ES.jpg?imwidth=392"
  },
  {
    "categoria": "Tomates, pimientos y pepinos",
    "nombre": "Tomate pera granel 900 g aprox.",
    "precio_unitario": "2,24 €",
    "precio_por_unidad": "(2,49 €/kg)",
    "imagen": "https://www.dia.es/product_images/45863/45863_ISO_0_ES.jpg?imwidth=392"
  },
  {
    "categoria": "Tomates, pimientos y pepinos",
    "nombre": "Tomate cherry bandeja 400 g",
    "precio_unitario": "1,79 €",
    "precio_por_unidad": "(4,48 €/kg)",
    "imagen": "https://www.dia.es/product_images/146690/146690_ISO_0_ES.jpg?imwidth=392"
  },
  {
    "categoria": "Tomates, pimientos y pepinos",
    "nombre": "Tomate en rama granel 1 Kg aprox.",
    "precio_unitario": "2,79 €",
    "precio_por_unidad": "(2,79 €/kg)",
    "imagen": "https://www.dia.es/product_images/109/109_ISO_0_ES.jpg?imwidth=392"
  },
  {
    "categoria": "Tomates, pimientos y pepinos",
    "nombre": "Pepino holandés 1 unidad",
    "precio_unitario": "0,89 €",
    "precio_por_unidad": "(2,74 €/kg)",
    "imagen": "https://www.dia.es/product_images/1015/1015_ISO_0_ES.jpg?imwidth=392"
  },
  {
    "categoria": "Tomates, pimientos y pepinos",
    "nombre": "Pimiento semipicante bolsa 200 g",
    "precio_unitario": "1,29 €",
    "precio_por_unidad": "(6,45 €/kg)",
    "imagen": "https://www.dia.es/product_images/16549/16549_ISO_0_ES.jpg?imwidth=392"
  },
  {
    "categoria": "Tomates, pimientos y pepinos",
    "nombre": "Tomate Murice bandeja 400 g",
    "precio_unitario": "2,29 €",
    "precio_por_unidad": "(5,73 €/kg)",
    "imagen": "https://www.dia.es/product_images/301318/301318_ISO_0_ES.jpg?imwidth=392"
  },
  {
    "categoria": "Tomates, pimientos y pepinos",
    "nombre": "Tomate cherry pera lobello bandeja 200 g",
    "precio_unitario": "1,99 €",
    "precio_por_unidad": "(9,95 €/kg)",
    "imagen": "https://www.dia.es/product_images/277976/277976_ISO_0_ES.jpg?imwidth=392"
  },
  {
    "categoria": "Tomates, pimientos y pepinos",
    "nombre": "Tomate bárbaro bolsa 900 g aprox.",
    "precio_unitario": "2,69 €",
    "precio_por_unidad": "(2,99 €/kg)",
    "imagen": "https://www.dia.es/product_images/301910/301910_ISO_0_ES.jpg?imwidth=392"
  },
  {
    "categoria": "Tomates, pimientos y pepinos",
    "nombre": "Tomate bio bandeja 500 g",
    "precio_unitario": "1,99 €",
    "precio_por_unidad": "(3,98 €/kg)",
    "imagen": "https://www.dia.es/product_images/193372/193372_ISO_0_ES.jpg?imwidth=392"
  },
  {
    "categoria": "Tomates, pimientos y pepinos",
    "nombre": "Pimiento Sweet Palermo bolsa 250 g",
    "precio_unitario": "1,99 €",
    "precio_por_unidad": "(7,96 €/kg)",
    "imagen": "https://www.dia.es/product_images/285848/285848_ISO_0_ES.jpg?imwidth=392"
  },
  {
    "categoria": "Tomates, pimientos y pepinos",
    "nombre": "Tomate chocmato bandeja 400 g",
    "precio_unitario": "2,29 €",
    "precio_por_unidad": "(5,73 €/kg)",
    "imagen": "https://www.dia.es/product_images/190883/190883_ISO_0_ES.jpg?imwidth=392"
  },
  {
    "categoria": "Tomates, pimientos y pepinos",
    "nombre": "Tomate maravilla bolsa 600 g aprox.",
    "precio_unitario": "2,39 €",
    "precio_por_unidad": "(3,99 €/kg)",
    "imagen": "https://www.dia.es/product_images/190752/190752_ISO_0_ES.jpg?imwidth=392"
  },
  {
    "categoria": "Judías, brócolis y coliflores",
    "nombre": "Brócoli bolsa 500 g",
    "precio_unitario": "1,49 €",
    "precio_por_unidad": "(2,98 €/kg)",
    "imagen": "https://www.dia.es/product_images/20002/20002_ISO_0_ES.jpg?imwidth=392"
  },
  {
    "categoria": "Judías, brócolis y coliflores",
    "nombre": "Judía verde bolsa 500 g",
    "precio_unitario": "2,29 €",
    "precio_por_unidad": "(4,58 €/kg)",
    "imagen": "https://www.dia.es/product_images/11416/11416_ISO_0_ES.jpg?imwidth=392"
  },
  {
    "categoria": "Judías, brócolis y coliflores",
    "nombre": "Coliflor unidad aprox. 2 Kg aprox.",
    "precio_unitario": "3,98 €",
    "precio_por_unidad": "(1,99 €/kg)",
    "imagen": "https://www.dia.es/product_images/278856/278856_ISO_0_ES.jpg?imwidth=392"
  },
  {
    "categoria": "Judías, brócolis y coliflores",
    "nombre": "Repollo liso unidad aprox. 2 Kg aprox.",
    "precio_unitario": "2,38 €",
    "precio_por_unidad": "(1,19 €/kg)",
    "imagen": "https://www.dia.es/product_images/50664/50664_ISO_0_ES.jpg?imwidth=392"
  },
  {
    "categoria": "Judías, brócolis y coliflores",
    "nombre": "Repollo rizado unidad aprox. 1 Kg",
    "precio_unitario": "1,49 €",
    "precio_por_unidad": "(1,49 €/kg)",
    "imagen": "https://www.dia.es/product_images/42075/42075_ISO_0_ES.jpg?imwidth=392"
  },
  {
    "categoria": "Lechuga, escarolas y endivias",
    "nombre": "Lechuga iceberg 1 unidad",
    "precio_unitario": "0,79 €",
    "precio_por_unidad": "(0,79 €/ud)",
    "imagen": "https://www.dia.es/product_images/11462/11462_ISO_0_ES.jpg?imwidth=392"
  },
  {
    "categoria": "Lechuga, escarolas y endivias",
    "nombre": "Cogollos bandeja 3 unidades",
    "precio_unitario": "1,29 €",
    "precio_por_unidad": "(0,43 €/ud)",
    "imagen": "https://www.dia.es/product_images/11461/11461_ISO_0_ES.jpg?imwidth=392"
  },
  {
    "categoria": "Lechuga, escarolas y endivias",
    "nombre": "Corazones de cogollos bandeja 6 unidades",
    "precio_unitario": "1,99 €",
    "precio_por_unidad": "(0,33 €/ud)",
    "imagen": "https://www.dia.es/product_images/25904/25904_ISO_0_ES.jpg?imwidth=392"
  },
  {
    "categoria": "Lechuga, escarolas y endivias",
    "nombre": "Corazón de lechuga romana bandeja 1 unidad",
    "precio_unitario": "0,99 €",
    "precio_por_unidad": "(0,99 €/ud)",
    "imagen": "https://www.dia.es/product_images/50077/50077_ISO_0_ES.jpg?imwidth=392"
  },
  {
    "categoria": "Patatas y zanahorias",
    "nombre": "Zanahoria bolsa 1 Kg",
    "precio_unitario": "0,89 €",
    "precio_por_unidad": "(0,89 €/kg)",
    "imagen": "https://www.dia.es/product_images/11421/11421_ISO_0_ES.jpg?imwidth=392"
  },
  {
    "categoria": "Patatas y zanahorias",
    "nombre": "Patata malla 4 Kg",
    "precio_unitario": "4,49 €",
    "precio_por_unidad": "(1,12 €/kg)",
    "imagen": "https://www.dia.es/product_images/296356/296356_ISO_0_ES.jpg?imwidth=392"
  },
  {
    "categoria": "Patatas y zanahorias",
    "nombre": "Patatas granel 1 Kg aprox.",
    "precio_unitario": "1,99 €",
    "precio_por_unidad": "(1,99 €/kg)",
    "imagen": "https://www.dia.es/product_images/5631/5631_ISO_0_ES.jpg?imwidth=392"
  },
  {
    "categoria": "Patatas y zanahorias",
    "nombre": "Patata de guarnición malla 1 Kg",
    "precio_unitario": "1,99 €",
    "precio_por_unidad": "(1,99 €/kg)",
    "imagen": "https://www.dia.es/product_images/20298/20298_ISO_0_ES.jpg?imwidth=392"
  },
  {
    "categoria": "Patatas y zanahorias",
    "nombre": "Patata especial para freir malla 2 Kg",
    "precio_unitario": "3,89 €",
    "precio_por_unidad": "(1,95 €/kg)",
    "imagen": "https://www.dia.es/product_images/248458/248458_ISO_0_ES.jpg?imwidth=392"
  },
  {
    "categoria": "Patatas y zanahorias",
    "nombre": "Patata cocer malla 2 Kg",
    "precio_unitario": "3,79 €",
    "precio_por_unidad": "(1,90 €/kg)",
    "imagen": "https://www.dia.es/product_images/296355/296355_ISO_0_ES.jpg?imwidth=392"
  },
  {
    "categoria": "Patatas y zanahorias",
    "nombre": "Patata de Madrid malla 2 Kg",
    "precio_unitario": "3,69 €",
    "precio_por_unidad": "(1,85 €/kg)",
    "imagen": "https://www.dia.es/product_images/14986/14986_ISO_0_ES.jpg?imwidth=392"
  },
  {
    "categoria": "Patatas y zanahorias",
    "nombre": "Patata roja malla 1.5 kg",
    "precio_unitario": "2,49 €",
    "precio_por_unidad": "(1,66 €/kg)",
    "imagen": "https://www.dia.es/product_images/54075/54075_ISO_0_ES.jpg?imwidth=392"
  },
  {
    "categoria": "Patatas y zanahorias",
    "nombre": "Cachelos bolsa 3 Kg",
    "precio_unitario": "4,49 €",
    "precio_por_unidad": "(1,50 €/kg)",
    "imagen": "https://www.dia.es/product_images/105318/105318_ISO_0_ES.jpg?imwidth=392"
  },
  {
    "categoria": "Setas y champiñones",
    "nombre": "Champiñón entero bandeja 250 g",
    "precio_unitario": "1,29 €",
    "precio_por_unidad": "(5,16 €/kg)",
    "imagen": "https://www.dia.es/product_images/271527/271527_ISO_0_ES.jpg?imwidth=392"
  },
  {
    "categoria": "Setas y champiñones",
    "nombre": "Champiñón laminado bandeja 250 g",
    "precio_unitario": "1,69 €",
    "precio_por_unidad": "(6,76 €/kg)",
    "imagen": "https://www.dia.es/product_images/25857/25857_ISO_0_ES.jpg?imwidth=392"
  },
  {
    "categoria": "Setas y champiñones",
    "nombre": "Seta ostra bandeja 200 g",
    "precio_unitario": "1,49 €",
    "precio_por_unidad": "(7,45 €/kg)",
    "imagen": "https://www.dia.es/product_images/13337/13337_ISO_0_ES.jpg?imwidth=392"
  },
  {
    "categoria": "Setas y champiñones",
    "nombre": "Champiñón grande bandeja 430 g",
    "precio_unitario": "2,29 €",
    "precio_por_unidad": "(5,33 €/kg)",
    "imagen": "https://www.dia.es/product_images/273421/273421_ISO_0_ES.jpg?imwidth=392"
  },
  {
    "categoria": "Setas y champiñones",
    "nombre": "Champiñón portobello bandeja 250 g",
    "precio_unitario": "1,69 €",
    "precio_por_unidad": "(6,76 €/kg)",
    "imagen": "https://www.dia.es/product_images/190874/190874_ISO_0_ES.jpg?imwidth=392"
  },
  {
    "categoria": "Verduras y ensaladas preparadas",
    "nombre": "Espinacas Vegecampo de Dia bolsa 300 g",
    "precio_unitario": "1,32 €",
    "precio_por_unidad": "(4,40 €/kg)",
    "imagen": "https://www.dia.es/product_images/105301/105301_ISO_0_ES.jpg?imwidth=392"
  },
  {
    "categoria": "Verduras y ensaladas preparadas",
    "nombre": "Surtido vegetal bandeja 1 Kg aprox.",
    "precio_unitario": "1,99 €",
    "precio_por_unidad": "(1,99 €/kg)",
    "imagen": "https://www.dia.es/product_images/163571/163571_ISO_0_ES.jpg?imwidth=392"
  },
  {
    "categoria": "Verduras y ensaladas preparadas",
    "nombre": "Dúo canónigos y rúcula Vegecampo de Dia bolsa 100 g",
    "precio_unitario": "1,42 €",
    "precio_por_unidad": "(14,20 €/kg)",
    "imagen": "https://www.dia.es/product_images/272831/272831_ISO_0_ES.jpg?imwidth=392"
  },
  {
    "categoria": "Verduras y ensaladas preparadas",
    "nombre": "Ensalada 4 estaciones Vegecampo de Dia bolsa 250 g",
    "precio_unitario": "0,81 €",
    "precio_por_unidad": "(3,24 €/kg)",
    "imagen": "https://www.dia.es/product_images/105299/105299_ISO_0_ES.jpg?imwidth=392"
  },
  {
    "categoria": "Verduras y ensaladas preparadas",
    "nombre": "Lechuga iceberg lavada Vegecampo de Dia bolsa 250 g",
    "precio_unitario": "0,91 €",
    "precio_por_unidad": "(3,64 €/kg)",
    "imagen": "https://www.dia.es/product_images/272828/272828_ISO_0_ES.jpg?imwidth=392"
  },
  {
    "categoria": "Verduras y ensaladas preparadas",
    "nombre": "Maíz dulce cocido al vacío bolsa 400 g",
    "precio_unitario": "1,49 €",
    "precio_por_unidad": "(3,73 €/kg)",
    "imagen": "https://www.dia.es/product_images/19403/19403_ISO_0_ES.jpg?imwidth=392"
  },
  {
    "categoria": "Verduras y ensaladas preparadas",
    "nombre": "Ensalada gourmet Vegecampo de Dia bolsa 175 g",
    "precio_unitario": "1,11 €",
    "precio_por_unidad": "(6,34 €/kg)",
    "imagen": "https://www.dia.es/product_images/105300/105300_ISO_0_ES.jpg?imwidth=392"
  },
  {
    "categoria": "Verduras y ensaladas preparadas",
    "nombre": "Verduras para microondas 3 ingredientes Vegecampo de Dia bolsa 300 g",
    "precio_unitario": "1,72 €",
    "precio_por_unidad": "(5,73 €/kg)",
    "imagen": "https://www.dia.es/product_images/272833/272833_ISO_0_ES.jpg?imwidth=392"
  },
  {
    "categoria": "Verduras y ensaladas preparadas",
    "nombre": "Canónigos Vegecampo de Dia bolsa 100 g",
    "precio_unitario": "1,21 €",
    "precio_por_unidad": "(12,10 €/kg)",
    "imagen": "https://www.dia.es/product_images/105782/105782_ISO_0_ES.jpg?imwidth=392"
  },
  {
    "categoria": "Verduras y ensaladas preparadas",
    "nombre": "Ensalada César Al Punto Dia bandeja 210 g",
    "precio_unitario": "2,79 €",
    "precio_por_unidad": "(13,29 €/kg)",
    "imagen": "https://www.dia.es/product_images/272834/272834_ISO_0_ES.jpg?imwidth=392"
  },
  {
    "categoria": "Verduras y ensaladas preparadas",
    "nombre": "Brotes de espinaca baby Vegecampo de Dia bolsa 100 g",
    "precio_unitario": "1,21 €",
    "precio_por_unidad": "(12,10 €/kg)",
    "imagen": "https://www.dia.es/product_images/272830/272830_ISO_0_ES.jpg?imwidth=392"
  },
  {
    "categoria": "Verduras y ensaladas preparadas",
    "nombre": "Rúcula Vegecampo de Dia bolsa 50 g",
    "precio_unitario": "0,81 €",
    "precio_por_unidad": "(16,20 €/kg)",
    "imagen": "https://www.dia.es/product_images/212745/212745_ISO_0_ES.jpg?imwidth=392"
  },
  {
    "categoria": "Verduras y ensaladas preparadas",
    "nombre": "Tomate rallado natural Bonnysa tarrina 200 g",
    "precio_unitario": "1,37 €",
    "precio_por_unidad": "(6,85 €/kg)",
    "imagen": "https://www.dia.es/product_images/278353/278353_ISO_0_ES.jpg?imwidth=392"
  },
  {
    "categoria": "Verduras y ensaladas preparadas",
    "nombre": "Ensalada selección de brotes Vegecampo de Dia bolsa 100 g",
    "precio_unitario": "1,21 €",
    "precio_por_unidad": "(12,10 €/kg)",
    "imagen": "https://www.dia.es/product_images/174055/174055_ISO_0_ES.jpg?imwidth=392"
  },
  {
    "categoria": "Verduras y ensaladas preparadas",
    "nombre": "Ensalada variada Vegecampo de Dia bolsa 200 g",
    "precio_unitario": "1,01 €",
    "precio_por_unidad": "(5,05 €/kg)",
    "imagen": "https://www.dia.es/product_images/105302/105302_ISO_0_ES.jpg?imwidth=392"
  },
  {
    "categoria": "Verduras y ensaladas preparadas",
    "nombre": "Remolacha cocida al vacío bandeja 500 g",
    "precio_unitario": "0,99 €",
    "precio_por_unidad": "(1,98 €/kg)",
    "imagen": "https://www.dia.es/product_images/17962/17962_ISO_0_ES.jpg?imwidth=392"
  },
  {
    "categoria": "Verduras y ensaladas preparadas",
    "nombre": "Pimientos asados a la leña bandeja 350 g",
    "precio_unitario": "2,69 €",
    "precio_por_unidad": "(7,69 €/kg)",
    "imagen": "https://www.dia.es/product_images/40250/40250_ISO_0_ES.jpg?imwidth=392"
  },
  {
    "categoria": "Verduras y ensaladas preparadas",
    "nombre": "Ensalada wrap texas Al Punto Dia bandeja 300 g",
    "precio_unitario": "2,99 €",
    "precio_por_unidad": "(9,97 €/kg)",
    "imagen": "https://www.dia.es/product_images/295570/295570_ISO_0_ES.jpg?imwidth=392"
  },
  {
    "categoria": "Verduras y ensaladas preparadas",
    "nombre": "Ensalada de pasta, huevo y atún Al Punto Dia tarrina 250 g",
    "precio_unitario": "2,79 €",
    "precio_por_unidad": "(11,16 €/kg)",
    "imagen": "https://www.dia.es/product_images/272835/272835_ISO_0_ES.jpg?imwidth=392"
  },
  {
    "categoria": "Verduras y ensaladas preparadas",
    "nombre": "Brócoli al vapor micro Florette bolsa 225 g",
    "precio_unitario": "1,72 €",
    "precio_por_unidad": "(7,64 €/kg)",
    "imagen": "https://www.dia.es/product_images/303338/303338_ISO_0_ES.jpg?imwidth=392"
  },
  {
    "categoria": "Otras verduras",
    "nombre": "Apio bolsa 500 g",
    "precio_unitario": "0,99 €",
    "precio_por_unidad": "(1,98 €/kg)",
    "imagen": "https://www.dia.es/product_images/21242/21242_ISO_0_ES.jpg?imwidth=392"
  },
  {
    "categoria": "Otras verduras",
    "nombre": "Espárrago verde fino manojo aprox. 250 g",
    "precio_unitario": "2,79 €",
    "precio_por_unidad": "(11,16 €/kg)",
    "imagen": "https://www.dia.es/product_images/181571/181571_ISO_0_ES.jpg?imwidth=392"
  },
  {
    "categoria": "Otras verduras",
    "nombre": "Perejil manojo 50 g",
    "precio_unitario": "0,99 €",
    "precio_por_unidad": "(19,80 €/kg)",
    "imagen": "https://www.dia.es/product_images/191539/191539_ISO_0_ES.jpg?imwidth=392"
  },
  {
    "categoria": "Otras verduras",
    "nombre": "Cilantro bandeja 20 g",
    "precio_unitario": "1,19 €",
    "precio_por_unidad": "(59,50 €/kg)",
    "imagen": "https://www.dia.es/product_images/233088/233088_ISO_0_ES.jpg?imwidth=392"
  },
  {
    "categoria": "Otras verduras",
    "nombre": "Espárrago verde grueso manojo aprox. 250 g",
    "precio_unitario": "2,99 €",
    "precio_por_unidad": "(11,96 €/kg)",
    "imagen": "https://www.dia.es/product_images/165430/165430_ISO_0_ES.jpg?imwidth=392"
  },
  {
    "categoria": "Otras verduras",
    "nombre": "Yuca unidad aprox. 1 Kg",
    "precio_unitario": "2,69 €",
    "precio_por_unidad": "(2,69 €/kg)",
    "imagen": "https://www.dia.es/product_images/190386/190386_ISO_0_ES.jpg?imwidth=392"
  },
  {
    "categoria": "Otras verduras",
    "nombre": "Jenjibre bio bandeja 100 g",
    "precio_unitario": "0,99 €",
    "precio_por_unidad": "(9,90 €/kg)",
    "imagen": "https://www.dia.es/product_images/304779/304779_ISO_0_ES.jpg?imwidth=392"
  },
  {
    "categoria": "Otras verduras",
    "nombre": "Rabanito Sun&Vegs bolsa 250 g",
    "precio_unitario": "0,99 €",
    "precio_por_unidad": "(3,96 €/kg)",
    "imagen": "https://www.dia.es/product_images/284862/284862_ISO_0_ES.jpg?imwidth=392"
  },
  {
    "categoria": "Otras verduras",
    "nombre": "Hierbabuena Sun&Vegs bolsa 70 g",
    "precio_unitario": "1,19 €",
    "precio_por_unidad": "(17,00 €/kg)",
    "imagen": "https://www.dia.es/product_images/275734/275734_ISO_0_ES.jpg?imwidth=392"
  },
  {
    "categoria": "Manzanas",
    "nombre": "Manzana golden bolsa 1 Kg",
    "precio_unitario": "1,99 €",
    "precio_por_unidad": "(1,99 €/kg)",
    "imagen": "https://www.dia.es/product_images/171233/171233_ISO_0_ES.jpg?imwidth=392"
  },
  {
    "categoria": "Manzanas",
    "nombre": "Manzana roja bolsa 1 Kg",
    "precio_unitario": "1,99 €",
    "precio_por_unidad": "(1,99 €/kg)",
    "imagen": "https://www.dia.es/product_images/11466/11466_ISO_0_ES.jpg?imwidth=392"
  },
  {
    "categoria": "Manzanas",
    "nombre": "Manzana roja granel 800 g aprox.",
    "precio_unitario": "1,75 €",
    "precio_por_unidad": "(2,19 €/kg)",
    "imagen": "https://www.dia.es/product_images/65/65_ISO_0_ES.jpg?imwidth=392"
  },
  {
    "categoria": "Manzanas",
    "nombre": "Manzana golden granel 500 g aprox.",
    "precio_unitario": "1,10 €",
    "precio_por_unidad": "(2,19 €/kg)",
    "imagen": "https://www.dia.es/product_images/97/97_ISO_0_ES.jpg?imwidth=392"
  },
  {
    "categoria": "Manzanas",
    "nombre": "Manzana granny granel 800 g aprox.",
    "precio_unitario": "1,83 €",
    "precio_por_unidad": "(2,29 €/kg)",
    "imagen": "https://www.dia.es/product_images/42085/42085_ISO_0_ES.jpg?imwidth=392"
  },
  {
    "categoria": "Manzanas",
    "nombre": "Manzana fuji bolsa 1 Kg",
    "precio_unitario": "2,29 €",
    "precio_por_unidad": "(2,29 €/kg)",
    "imagen": "https://www.dia.es/product_images/54268/54268_ISO_0_ES.jpg?imwidth=392"
  },
  {
    "categoria": "Manzanas",
    "nombre": "Manzana reineta granel 1 Kg aprox.",
    "precio_unitario": "2,79 €",
    "precio_por_unidad": "(2,79 €/kg)",
    "imagen": "https://www.dia.es/product_images/91/91_ISO_0_ES.jpg?imwidth=392"
  },
  {
    "categoria": "Platanos",
    "nombre": "Banana granel 900 g aprox.",
    "precio_unitario": "1,34 €",
    "precio_por_unidad": "(1,49 €/kg)",
    "imagen": "https://www.dia.es/product_images/42070/42070_ISO_0_ES.jpg?imwidth=392"
  },
  {
    "categoria": "Platanos",
    "nombre": "Plátano de canarias bolsa 1.2 Kg aprox.",
    "precio_unitario": "1,91 €",
    "precio_por_unidad": "(1,59 €/kg)",
    "imagen": "https://www.dia.es/product_images/11468/11468_ISO_0_ES.jpg?imwidth=392"
  },
  {
    "categoria": "Platanos",
    "nombre": "Plátano de Canarias El afortunado 900 g aprox.",
    "precio_unitario": "2,69 €",
    "precio_por_unidad": "(2,99 €/kg)",
    "imagen": "https://www.dia.es/product_images/142776/142776_ISO_0_ES.jpg?imwidth=392"
  },
  {
    "categoria": "Platanos",
    "nombre": "Plátano bio bolsa 1 Kg aprox.",
    "precio_unitario": "2,99 €",
    "precio_por_unidad": "(2,99 €/kg)",
    "imagen": "https://www.dia.es/product_images/170563/170563_ISO_0_ES.jpg?imwidth=392"
  },
  {
    "categoria": "Platanos",
    "nombre": "Plátano macho para freír granel 1 Kg aprox.",
    "precio_unitario": "2,99 €",
    "precio_por_unidad": "(2,99 €/kg)",
    "imagen": "https://www.dia.es/product_images/53584/53584_ISO_0_ES.jpg?imwidth=392"
  },
  {
    "categoria": "Platanos",
    "nombre": "Banana bio bolsa 1 Kg aprox.",
    "precio_unitario": "2,69 €",
    "precio_por_unidad": "(2,69 €/kg)",
    "imagen": "https://www.dia.es/product_images/276299/276299_ISO_0_ES.jpg?imwidth=392"
  },
  {
    "categoria": "Peras",
    "nombre": "Pera conferencia bandeja 1 Kg",
    "precio_unitario": "2,19 €",
    "precio_por_unidad": "(2,19 €/kg)",
    "imagen": "https://www.dia.es/product_images/64505/64505_ISO_0_ES.jpg?imwidth=392"
  },
  {
    "categoria": "Peras",
    "nombre": "Pera Rincón de Soto D.O.P. granel 500 g aprox.",
    "precio_unitario": "1,40 €",
    "precio_por_unidad": "(2,79 €/kg)",
    "imagen": "https://www.dia.es/product_images/32063/32063_ISO_0_ES.jpg?imwidth=392"
  },
  {
    "categoria": "Peras",
    "nombre": "Pera ercolini bandeja 500 g",
    "precio_unitario": "1,49 €",
    "precio_por_unidad": "(2,98 €/kg)",
    "imagen": "https://www.dia.es/product_images/278651/278651_ISO_0_ES.jpg?imwidth=392"
  },
  {
    "categoria": "Peras",
    "nombre": "Pera blanquilla bandeja 500 g",
    "precio_unitario": "1,39 €",
    "precio_por_unidad": "(2,78 €/kg)",
    "imagen": "https://www.dia.es/product_images/279376/279376_ISO_0_ES.jpg?imwidth=392"
  },
  {
    "categoria": "Peras",
    "nombre": "Pera limonera granel 1 Kg aprox.",
    "precio_unitario": "2,69 €",
    "precio_por_unidad": "(2,69 €/kg)",
    "imagen": "https://www.dia.es/product_images/48586/48586_ISO_0_ES.jpg?imwidth=392"
  },
  {
    "categoria": "Uvas",
    "nombre": "Uva blanca sin semilla bandeja 500 g",
    "precio_unitario": "2,99 €",
    "precio_por_unidad": "(5,98 €/kg)",
    "imagen": "https://www.dia.es/product_images/2672/2672_ISO_0_ES.jpg?imwidth=392"
  },
  {
    "categoria": "Uvas",
    "nombre": "Uva roja sin semilla bandeja 500 g",
    "precio_unitario": "2,79 €",
    "precio_por_unidad": "(5,58 €/kg)",
    "imagen": "https://www.dia.es/product_images/265910/265910_ISO_0_ES.jpg?imwidth=392"
  },
  {
    "categoria": "Limones y pomelos",
    "nombre": "Limones malla 750 g",
    "precio_unitario": "1,49 €",
    "precio_por_unidad": "(1,99 €/kg)",
    "imagen": "https://www.dia.es/product_images/11463/11463_ISO_0_ES.jpg?imwidth=392"
  },
  {
    "categoria": "Limones y pomelos",
    "nombre": "Limón selección 1 unidad",
    "precio_unitario": "0,69 €",
    "precio_por_unidad": "(2,76 €/kg)",
    "imagen": "https://www.dia.es/product_images/302312/302312_ISO_0_ES.jpg?imwidth=392"
  },
  {
    "categoria": "Limones y pomelos",
    "nombre": "Lima malla 235 g",
    "precio_unitario": "1,00 €",
    "precio_por_unidad": "(4,26 €/kg)",
    "imagen": "https://www.dia.es/product_images/244559/244559_ISO_0_ES.jpg?imwidth=392"
  },
  {
    "categoria": "Frutas del bosque",
    "nombre": "Arándano vaso 170 g",
    "precio_unitario": "3,79 €",
    "precio_por_unidad": "(22,29 €/kg)",
    "imagen": "https://www.dia.es/product_images/190387/190387_ISO_0_ES.jpg?imwidth=392"
  },
  {
    "categoria": "Frutas del bosque",
    "nombre": "Frambuesas bandeja 125 g",
    "precio_unitario": "2,29 €",
    "precio_por_unidad": "(18,32 €/kg)",
    "imagen": "https://www.dia.es/product_images/133913/133913_ISO_0_ES.jpg?imwidth=392"
  },
  {
    "categoria": "Frutas del bosque",
    "nombre": "Arándano bandeja 300 g",
    "precio_unitario": "5,49 €",
    "precio_por_unidad": "(18,30 €/kg)",
    "imagen": "https://www.dia.es/product_images/285489/285489_ISO_0_ES.jpg?imwidth=392"
  },
  {
    "categoria": "Frutas tropicales",
    "nombre": "Aguacate bandeja 450 g",
    "precio_unitario": "1,99 €",
    "precio_por_unidad": "(4,42 €/kg)",
    "imagen": "https://www.dia.es/product_images/220373/220373_ISO_0_ES.jpg?imwidth=392"
  },
  {
    "categoria": "Frutas tropicales",
    "nombre": "Kiwi Zespri bandeja 700 g",
    "precio_unitario": "2,49 €",
    "precio_por_unidad": "(3,56 €/kg)",
    "imagen": "https://www.dia.es/product_images/270541/270541_ISO_0_ES.jpg?imwidth=392"
  },
  {
    "categoria": "Frutas tropicales",
    "nombre": "Mango bandeja 650 g",
    "precio_unitario": "2,79 €",
    "precio_por_unidad": "(4,29 €/kg)",
    "imagen": "https://www.dia.es/product_images/166057/166057_ISO_0_ES.jpg?imwidth=392"
  },
  {
    "categoria": "Frutas tropicales",
    "nombre": "Guacamole Al Punto Dia tarrina 200 g",
    "precio_unitario": "1,85 €",
    "precio_por_unidad": "(9,25 €/kg)",
    "imagen": "https://www.dia.es/product_images/289182/289182_ISO_0_ES.jpg?imwidth=392"
  },
  {
    "categoria": "Frutas tropicales",
    "nombre": "Kiwi gold Zespri bandeja 500 g",
    "precio_unitario": "3,49 €",
    "precio_por_unidad": "(6,98 €/kg)",
    "imagen": "https://www.dia.es/product_images/237458/237458_ISO_0_ES.jpg?imwidth=392"
  },
  {
    "categoria": "Frutas tropicales",
    "nombre": "Kiwi sungold Zespri granel 600 g",
    "precio_unitario": "3,59 €",
    "precio_por_unidad": "(5,99 €/kg)",
    "imagen": "https://www.dia.es/product_images/304213/304213_ISO_0_ES.jpg?imwidth=392"
  },
  {
    "categoria": "Frutas tropicales",
    "nombre": "Coco troceado bio bolsa 56 g",
    "precio_unitario": "0,97 €",
    "precio_por_unidad": "(17,32 €/kg)",
    "imagen": "https://www.dia.es/product_images/280342/280342_ISO_0_ES.jpg?imwidth=392"
  },
  {
    "categoria": "Frutas tropicales",
    "nombre": "Kiwi granel 500 g aprox.",
    "precio_unitario": "2,50 €",
    "precio_por_unidad": "(4,99 €/kg)",
    "imagen": "https://www.dia.es/product_images/78/78_ISO_0_ES.jpg?imwidth=392"
  },
  {
    "categoria": "Frutas tropicales",
    "nombre": "Piña gold premium unidad aprox. 2 Kg",
    "precio_unitario": "3,98 €",
    "precio_por_unidad": "(1,99 €/kg)",
    "imagen": "https://www.dia.es/product_images/190710/190710_ISO_0_ES.jpg?imwidth=392"
  },
  {
    "categoria": "Frutas tropicales",
    "nombre": "Aguacate granel 1 Kg aprox.",
    "precio_unitario": "5,69 €",
    "precio_por_unidad": "(5,69 €/kg)",
    "imagen": "https://www.dia.es/product_images/42069/42069_ISO_0_ES.jpg?imwidth=392"
  },
  {
    "categoria": "Frutas tropicales",
    "nombre": "Pulpa aguacate Al Punto Dia tarrina 125 g",
    "precio_unitario": "1,45 €",
    "precio_por_unidad": "(11,60 €/kg)",
    "imagen": "https://www.dia.es/product_images/289184/289184_ISO_0_ES.jpg?imwidth=392"
  },
  {
    "categoria": "Frutas tropicales",
    "nombre": "Palitos de zanahoria Florette bandeja 165 g",
    "precio_unitario": "2,03 €",
    "precio_por_unidad": "(12,30 €/kg)",
    "imagen": "https://www.dia.es/product_images/303339/303339_ISO_0_ES.jpg?imwidth=392"
  },
  {
    "categoria": "Frutas tropicales",
    "nombre": "Mango 1 unidad",
    "precio_unitario": "2,29 €",
    "precio_por_unidad": "(4,45 €/kg)",
    "imagen": "https://www.dia.es/product_images/52465/52465_ISO_0_ES.jpg?imwidth=392"
  },
  {
    "categoria": "Frutas tropicales",
    "nombre": "Aguacate bio bandeja 400 g",
    "precio_unitario": "2,99 €",
    "precio_por_unidad": "(7,48 €/kg)",
    "imagen": "https://www.dia.es/product_images/245089/245089_ISO_0_ES.jpg?imwidth=392"
  },
  {
    "categoria": "Frutas de temporada",
    "nombre": "Caqui granel 400 g aprox.",
    "precio_unitario": "1,16 €",
    "precio_por_unidad": "(2,89 €/kg)",
    "imagen": "https://www.dia.es/product_images/94/94_ISO_0_ES.jpg?imwidth=392"
  },
  {
    "categoria": "Frutas de temporada",
    "nombre": "Ciruela roja granel 500 g aprox.",
    "precio_unitario": "1,90 €",
    "precio_por_unidad": "(3,79 €/kg)",
    "imagen": "https://www.dia.es/product_images/26712/26712_ISO_0_ES.jpg?imwidth=392"
  },
  {
    "categoria": "Frutas de temporada",
    "nombre": "Granada unidad aprox. 500 g",
    "precio_unitario": "1,50 €",
    "precio_por_unidad": "(2,99 €/kg)",
    "imagen": "https://www.dia.es/product_images/83/83_ISO_0_ES.jpg?imwidth=392"
  },
  {
    "categoria": "Frutas de temporada",
    "nombre": "Chirimoya unidad aprox. 300g aprox.",
    "precio_unitario": "0,90 €",
    "precio_por_unidad": "(2,99 €/kg)",
    "imagen": "https://www.dia.es/product_images/87/87_ISO_0_ES.jpg?imwidth=392"
  },
  {
    "categoria": "Frutas de temporada",
    "nombre": "Fresa bandeja 400 g",
    "precio_unitario": "3,69 €",
    "precio_por_unidad": "(9,23 €/kg)",
    "imagen": "https://www.dia.es/product_images/284260/284260_ISO_0_ES.jpg?imwidth=392"
  },
  {
    "categoria": "Frutas de temporada",
    "nombre": "Caqui bandeja 1 Kg",
    "precio_unitario": "2,55 €",
    "precio_por_unidad": "(2,55 €/kg)",
    "imagen": "https://www.dia.es/product_images/229423/229423_ISO_0_ES.jpg?imwidth=392"
  },
  {
    "categoria": "Frutas de temporada",
    "nombre": "Melón piel de sapo unidad aprox. 2.5 Kg",
    "precio_unitario": "4,98 €",
    "precio_por_unidad": "(1,99 €/kg)",
    "imagen": "https://www.dia.es/product_images/28887/28887_ISO_0_ES.jpg?imwidth=392"
  },
  {
    "categoria": "Frutas de temporada",
    "nombre": "Medio melón piel de sapo unidad aprox. 1.25 Kg",
    "precio_unitario": "2,86 €",
    "precio_por_unidad": "(2,29 €/kg)",
    "imagen": "https://www.dia.es/product_images/265125/265125_ISO_0_ES.jpg?imwidth=392"
  },
  {
    "categoria": "Frutas de temporada",
    "nombre": "Medio melón bollo unidad aprox. 1.5 Kg",
    "precio_unitario": "4,19 €",
    "precio_por_unidad": "(2,79 €/kg)",
    "imagen": "https://www.dia.es/product_images/283367/283367_ISO_0_ES.jpg?imwidth=392"
  },
  {
    "categoria": "Frutas de temporada",
    "nombre": "Melón bollo unidad aprox. 3 Kg",
    "precio_unitario": "7,77 €",
    "precio_por_unidad": "(2,59 €/kg)",
    "imagen": "https://www.dia.es/product_images/283354/283354_ISO_0_ES.jpg?imwidth=392"
  },
  {
    "categoria": "Frutas de temporada",
    "nombre": "Media sandía selección unidad aprox. 2.5 Kg",
    "precio_unitario": "4,30 €",
    "precio_por_unidad": "(1,72 €/kg)",
    "imagen": "https://www.dia.es/product_images/302210/302210_ISO_0_ES.jpg?imwidth=392"
  },
  {
    "categoria": "Frutas de temporada",
    "nombre": "Media sandía negra unidad aprox. 2.75 Kg",
    "precio_unitario": "3,63 €",
    "precio_por_unidad": "(1,32 €/kg)",
    "imagen": "https://www.dia.es/product_images/265126/265126_ISO_0_ES.jpg?imwidth=392"
  },
  {
    "categoria": "Frutas de temporada",
    "nombre": "Media sandía rayada unidad aprox. 2.7 Kg",
    "precio_unitario": "3,56 €",
    "precio_por_unidad": "(1,32 €/kg)",
    "imagen": "https://www.dia.es/product_images/265124/265124_ISO_0_ES.jpg?imwidth=392"
  },
  {
    "categoria": "Frutas deshidratadas",
    "nombre": "Mango deshidratado Naturmundo de Dia bolsa 90 g",
    "precio_unitario": "1,99 €",
    "precio_por_unidad": "(22,11 €/kg)",
    "imagen": "https://www.dia.es/product_images/303110/303110_ISO_0_ES.jpg?imwidth=392"
  },
  {
    "categoria": "Frutas deshidratadas",
    "nombre": "Arándanos rojos deshidratados Naturmundo de Dia bolsa 150 g",
    "precio_unitario": "1,73 €",
    "precio_por_unidad": "(11,53 €/kg)",
    "imagen": "https://www.dia.es/product_images/274779/274779_ISO_0_ES.jpg?imwidth=392"
  },
  {
    "categoria": "Frutas deshidratadas",
    "nombre": "Pasas sultanas sin pepitas Naturmundo de Dia bolsa 200 g",
    "precio_unitario": "1,38 €",
    "precio_por_unidad": "(6,90 €/kg)",
    "imagen": "https://www.dia.es/product_images/14914/14914_ISO_0_ES.jpg?imwidth=392"
  },
  {
    "categoria": "Frutas deshidratadas",
    "nombre": "Dátiles sin hueso Naturmundo de Dia bolsa 250 g",
    "precio_unitario": "2,19 €",
    "precio_por_unidad": "(8,76 €/kg)",
    "imagen": "https://www.dia.es/product_images/293253/293253_ISO_0_ES.jpg?imwidth=392"
  },
  {
    "categoria": "Frutas deshidratadas",
    "nombre": "Ciruelas sin hueso Naturmundo de Dia bolsa 200 g",
    "precio_unitario": "1,67 €",
    "precio_por_unidad": "(8,35 €/kg)",
    "imagen": "https://www.dia.es/product_images/14923/14923_ISO_0_ES.jpg?imwidth=392"
  },
  {
    "categoria": "Frutas deshidratadas",
    "nombre": "Higos desecados Naturmundo de Dia bolsa 400 g",
    "precio_unitario": "2,50 €",
    "precio_por_unidad": "(6,25 €/kg)",
    "imagen": "https://www.dia.es/product_images/303654/303654_ISO_0_ES.jpg?imwidth=392"
  },
  {
    "categoria": "Frutas deshidratadas",
    "nombre": "Dátiles Frit ravich bandeja 500 g",
    "precio_unitario": "3,05 €",
    "precio_por_unidad": "(6,10 €/kg)",
    "imagen": "https://www.dia.es/product_images/125796/125796_ISO_0_ES.jpg?imwidth=392"
  },
  {
    "categoria": "Frutas deshidratadas",
    "nombre": "Naranja con chocolate negro Naturmundo de Dia bolsa 150 g",
    "precio_unitario": "2,99 €",
    "precio_por_unidad": "(19,93 €/kg)",
    "imagen": "https://www.dia.es/product_images/303031/303031_ISO_0_ES.jpg?imwidth=392"
  },
  {
    "categoria": "Frutas deshidratadas",
    "nombre": "Pasas recubiertas con chocolate negro Naturmundo de Dia bolsa 150 g",
    "precio_unitario": "2,99 €",
    "precio_por_unidad": "(19,93 €/kg)",
    "imagen": "https://www.dia.es/product_images/294816/294816_ISO_0_ES.jpg?imwidth=392"
  },
  {
    "categoria": "Frutas deshidratadas",
    "nombre": "Pasas moscatel sin semillas Naturmundo de Dia bolsa 150 g",
    "precio_unitario": "1,39 €",
    "precio_por_unidad": "(9,27 €/kg)",
    "imagen": "https://www.dia.es/product_images/303085/303085_ISO_0_ES.jpg?imwidth=392"
  },
  {
    "categoria": "Frutas deshidratadas",
    "nombre": "Dátiles rellenos con nueces Naturmundo de Dia bandeja 120 g",
    "precio_unitario": "2,89 €",
    "precio_por_unidad": "(24,08 €/kg)",
    "imagen": "https://www.dia.es/product_images/303086/303086_ISO_0_ES.jpg?imwidth=392"
  },
  {
    "categoria": "Arroz",
    "nombre": "Arroz extra Arrozona de Dia bolsa 1 Kg",
    "precio_unitario": "1,30 €",
    "precio_por_unidad": "(1,30 €/kg)",
    "imagen": "https://www.dia.es/product_images/151/151_ISO_0_ES.jpg?imwidth=392"
  },
  {
    "categoria": "Arroz",
    "nombre": "Arroz largo de primera categoría Arrozona de Dia bolsa 1 Kg",
    "precio_unitario": "1,38 €",
    "precio_por_unidad": "(1,38 €/kg)",
    "imagen": "https://www.dia.es/product_images/5873/5873_ISO_0_ES.jpg?imwidth=392"
  },
  {
    "categoria": "Arroz",
    "nombre": "Arroz basmati Selección Mundial de Dia paquete 1 Kg",
    "precio_unitario": "2,30 €",
    "precio_por_unidad": "(2,30 €/kg)",
    "imagen": "https://www.dia.es/product_images/53397/53397_ISO_0_ES.jpg?imwidth=392"
  },
  {
    "categoria": "Arroz",
    "nombre": "Arroz bomba Arrozona de Dia paquete 1 Kg",
    "precio_unitario": "5,60 €",
    "precio_por_unidad": "(5,60 €/kg)",
    "imagen": "https://www.dia.es/product_images/15883/15883_ISO_0_ES.jpg?imwidth=392"
  },
  {
    "categoria": "Arroz",
    "nombre": "Arroz redondo SOS paquete 1 Kg",
    "precio_unitario": "1,84 €",
    "precio_por_unidad": "(1,84 €/kg)",
    "imagen": "https://www.dia.es/product_images/21415/21415_ISO_0_ES.jpg?imwidth=392"
  },
  {
    "categoria": "Arroz",
    "nombre": "Arroz redondo Al Punto Dia vaso 2 x 125 g",
    "precio_unitario": "1,00 €",
    "precio_por_unidad": "(4,00 €/kg)",
    "imagen": "https://www.dia.es/product_images/250021/250021_ISO_0_ES.jpg?imwidth=392"
  },
  {
    "categoria": "Arroz",
    "nombre": "Arroz vaporizado Arrozona de Dia bolsa 1 Kg",
    "precio_unitario": "1,57 €",
    "precio_por_unidad": "(1,57 €/kg)",
    "imagen": "https://www.dia.es/product_images/28809/28809_ISO_0_ES.jpg?imwidth=392"
  },
  {
    "categoria": "Arroz",
    "nombre": "Arroz redondo Brillante paquete 1 Kg",
    "precio_unitario": "2,73 €",
    "precio_por_unidad": "(2,73 €/kg)",
    "imagen": "https://www.dia.es/product_images/142599/142599_ISO_0_ES.jpg?imwidth=392"
  },
  {
    "categoria": "Arroz",
    "nombre": "Arroz basmati Brillante vaso 2 x 125 g",
    "precio_unitario": "1,34 €",
    "precio_por_unidad": "(5,36 €/kg)",
    "imagen": "https://www.dia.es/product_images/60069/60069_ISO_0_ES.jpg?imwidth=392"
  },
  {
    "categoria": "Arroz",
    "nombre": "Arroz vaporizado Brillante caja 1 Kg",
    "precio_unitario": "1,93 €",
    "precio_por_unidad": "(1,93 €/kg)",
    "imagen": "https://www.dia.es/product_images/28055/28055_ISO_0_ES.jpg?imwidth=392"
  },
  {
    "categoria": "Arroz",
    "nombre": "Arroz integral Arrozona de Dia paquete 1 Kg",
    "precio_unitario": "1,73 €",
    "precio_por_unidad": "(1,73 €/kg)",
    "imagen": "https://www.dia.es/product_images/61996/61996_ISO_0_ES.jpg?imwidth=392"
  },
  {
    "categoria": "Arroz",
    "nombre": "Arroz integral Brillante vaso 2 x 125 g",
    "precio_unitario": "1,25 €",
    "precio_por_unidad": "(5,00 €/kg)",
    "imagen": "https://www.dia.es/product_images/145913/145913_ISO_0_ES.jpg?imwidth=392"
  },
  {
    "categoria": "Arroz",
    "nombre": "Arroz integral con quinoa Brillante vaso 2 x 125 g",
    "precio_unitario": "1,49 €",
    "precio_por_unidad": "(5,96 €/kg)",
    "imagen": "https://www.dia.es/product_images/209073/209073_ISO_0_ES.jpg?imwidth=392"
  },
  {
    "categoria": "Arroz",
    "nombre": "Arroz redondo tradicional Brillante vaso 400 g",
    "precio_unitario": "2,33 €",
    "precio_por_unidad": "(5,83 €/kg)",
    "imagen": "https://www.dia.es/product_images/189013/189013_ISO_0_ES.jpg?imwidth=392"
  },
  {
    "categoria": "Arroz",
    "nombre": "Arroz arborio risotto Riso scotti bolsa 500 g",
    "precio_unitario": "1,83 €",
    "precio_por_unidad": "(3,66 €/kg)",
    "imagen": "https://www.dia.es/product_images/184588/184588_ISO_0_ES.jpg?imwidth=392"
  },
  {
    "categoria": "Arroz",
    "nombre": "Arroz integral SOS bolsa 1 Kg",
    "precio_unitario": "2,09 €",
    "precio_por_unidad": "(2,09 €/kg)",
    "imagen": "https://www.dia.es/product_images/48733/48733_ISO_0_ES.jpg?imwidth=392"
  },
  {
    "categoria": "Arroz",
    "nombre": "Mezcla de 3 arroces Arrozona de Dia bolsa 1 Kg",
    "precio_unitario": "3,05 €",
    "precio_por_unidad": "(3,05 €/kg)",
    "imagen": "https://www.dia.es/product_images/264798/264798_ISO_0_ES.jpg?imwidth=392"
  },
  {
    "categoria": "Arroz",
    "nombre": "Arroz risotto Selección Mundial de Dia paquete 1 Kg",
    "precio_unitario": "3,88 €",
    "precio_por_unidad": "(3,88 €/kg)",
    "imagen": "https://www.dia.es/product_images/264797/264797_ISO_0_ES.jpg?imwidth=392"
  },
  {
    "categoria": "Arroz",
    "nombre": "Arroz basmati Brillante vaso 400 g",
    "precio_unitario": "2,43 €",
    "precio_por_unidad": "(6,08 €/kg)",
    "imagen": "https://www.dia.es/product_images/282775/282775_ISO_0_ES.jpg?imwidth=392"
  },
  {
    "categoria": "Arroz",
    "nombre": "Arroz basmati Tilda paquete 1 Kg",
    "precio_unitario": "3,52 €",
    "precio_por_unidad": "(3,52 €/kg)",
    "imagen": "https://www.dia.es/product_images/208673/208673_ISO_0_ES.jpg?imwidth=392"
  },
  {
    "categoria": "Quinoa y couscous",
    "nombre": "Quinoa blanca y roja Brillante vaso 2 x 125 g",
    "precio_unitario": "1,59 €",
    "precio_por_unidad": "(6,36 €/kg)",
    "imagen": "https://www.dia.es/product_images/222177/222177_ISO_0_ES.jpg?imwidth=392"
  },
  {
    "categoria": "Quinoa y couscous",
    "nombre": "Quinoa bolsa 500 g",
    "precio_unitario": "2,65 €",
    "precio_por_unidad": "(5,30 €/kg)",
    "imagen": "https://www.dia.es/product_images/301013/301013_ISO_0_ES.jpg?imwidth=392"
  },
  {
    "categoria": "Quinoa y couscous",
    "nombre": "Cous cous Gallo caja 500 g",
    "precio_unitario": "2,04 €",
    "precio_por_unidad": "(4,08 €/kg)",
    "imagen": "https://www.dia.es/product_images/118805/118805_ISO_0_ES.jpg?imwidth=392"
  },
  {
    "categoria": "Pastas",
    "nombre": "Macarrón Al Diante Dia bolsa 1 Kg",
    "precio_unitario": "1,27 €",
    "precio_por_unidad": "(1,27 €/kg)",
    "imagen": "https://www.dia.es/product_images/50973/50973_ISO_0_ES.jpg?imwidth=392"
  },
  {
    "categoria": "Pastas",
    "nombre": "Espagueti Al Diante Dia bolsa 1 Kg",
    "precio_unitario": "1,27 €",
    "precio_por_unidad": "(1,27 €/kg)",
    "imagen": "https://www.dia.es/product_images/52208/52208_ISO_0_ES.jpg?imwidth=392"
  },
  {
    "categoria": "Pastas",
    "nombre": "Espirales tricolor Al Diante Dia bolsa 500 g",
    "precio_unitario": "0,97 €",
    "precio_por_unidad": "(1,94 €/kg)",
    "imagen": "https://www.dia.es/product_images/33117/33117_ISO_0_ES.jpg?imwidth=392"
  },
  {
    "categoria": "Pastas",
    "nombre": "Pasta de tiburones Al Diante Dia bolsa 500 g",
    "precio_unitario": "0,78 €",
    "precio_por_unidad": "(1,56 €/kg)",
    "imagen": "https://www.dia.es/product_images/1127/1127_ISO_0_ES.jpg?imwidth=392"
  },
  {
    "categoria": "Pastas",
    "nombre": "Tallarines Al Diante Dia bolsa 500 g",
    "precio_unitario": "0,78 €",
    "precio_por_unidad": "(1,56 €/kg)",
    "imagen": "https://www.dia.es/product_images/74729/74729_ISO_0_ES.jpg?imwidth=392"
  },
  {
    "categoria": "Pastas",
    "nombre": "Fideo cabellín Al Diante Dia bolsa 500 g",
    "precio_unitario": "0,78 €",
    "precio_por_unidad": "(1,56 €/kg)",
    "imagen": "https://www.dia.es/product_images/515/515_ISO_0_ES.jpg?imwidth=392"
  },
  {
    "categoria": "Pastas",
    "nombre": "Macarrón integral Al Diante Dia bolsa 500 g",
    "precio_unitario": "1,18 €",
    "precio_por_unidad": "(2,36 €/kg)",
    "imagen": "https://www.dia.es/product_images/277305/277305_ISO_0_ES.jpg?imwidth=392"
  },
  {
    "categoria": "Pastas",
    "nombre": "Fideuá Al Diante Dia bolsa 500 g",
    "precio_unitario": "0,78 €",
    "precio_por_unidad": "(1,56 €/kg)",
    "imagen": "https://www.dia.es/product_images/6265/6265_ISO_0_ES.jpg?imwidth=392"
  },
  {
    "categoria": "Pastas",
    "nombre": "Pluma rayada n 5 Al Diante Dia bolsa 500 g",
    "precio_unitario": "0,78 €",
    "precio_por_unidad": "(1,56 €/kg)",
    "imagen": "https://www.dia.es/product_images/290664/290664_ISO_0_ES.jpg?imwidth=392"
  },
  {
    "categoria": "Pastas",
    "nombre": "Fideo grueso Al Diante Dia bolsa 500 g",
    "precio_unitario": "0,78 €",
    "precio_por_unidad": "(1,56 €/kg)",
    "imagen": "https://www.dia.es/product_images/290665/290665_ISO_0_ES.jpg?imwidth=392"
  },
  {
    "categoria": "Pastas",
    "nombre": "Ñoquis bolitas de patata Gallo bolsa 400 g",
    "precio_unitario": "1,49 €",
    "precio_por_unidad": "(3,73 €/kg)",
    "imagen": "https://www.dia.es/product_images/150155/150155_ISO_0_ES.jpg?imwidth=392"
  },
  {
    "categoria": "Pastas",
    "nombre": "Macarrón Al Diante Dia bolsa 500 g",
    "precio_unitario": "0,78 €",
    "precio_por_unidad": "(1,56 €/kg)",
    "imagen": "https://www.dia.es/product_images/518/518_ISO_0_ES.jpg?imwidth=392"
  },
  {
    "categoria": "Pastas",
    "nombre": "Espagueti integral Al Diante Dia bolsa 500 g",
    "precio_unitario": "1,18 €",
    "precio_por_unidad": "(2,36 €/kg)",
    "imagen": "https://www.dia.es/product_images/1155/1155_ISO_0_ES.jpg?imwidth=392"
  },
  {
    "categoria": "Pastas",
    "nombre": "Tortelloni de carne Gallo bolsa 200 g",
    "precio_unitario": "1,46 €",
    "precio_por_unidad": "(7,30 €/kg)",
    "imagen": "https://www.dia.es/product_images/189486/189486_ISO_0_ES.jpg?imwidth=392"
  },
  {
    "categoria": "Pastas",
    "nombre": "Placas para lasaña El pavo caja 200 g",
    "precio_unitario": "1,46 €",
    "precio_por_unidad": "(7,30 €/kg)",
    "imagen": "https://www.dia.es/product_images/39200/39200_ISO_0_ES.jpg?imwidth=392"
  },
  {
    "categoria": "Pastas",
    "nombre": "Espagueti Al Diante Dia bolsa 500 g",
    "precio_unitario": "0,78 €",
    "precio_por_unidad": "(1,56 €/kg)",
    "imagen": "https://www.dia.es/product_images/520/520_ISO_0_ES.jpg?imwidth=392"
  },
  {
    "categoria": "Pastas",
    "nombre": "Pasta penne Selección Mundial de Dia bolsa 500 g",
    "precio_unitario": "1,27 €",
    "precio_por_unidad": "(2,54 €/kg)",
    "imagen": "https://www.dia.es/product_images/275006/275006_ISO_0_ES.jpg?imwidth=392"
  },
  {
    "categoria": "Pastas",
    "nombre": "Pasta fusilloni Al Diante Dia bolsa 500 g",
    "precio_unitario": "1,89 €",
    "precio_por_unidad": "(3,78 €/kg)",
    "imagen": "https://www.dia.es/product_images/302930/302930_ISO_0_ES.jpg?imwidth=392"
  },
  {
    "categoria": "Pastas",
    "nombre": "Macarrón rayado al diante Al Diante Dia bolsa 500 g",
    "precio_unitario": "0,97 €",
    "precio_por_unidad": "(1,94 €/kg)",
    "imagen": "https://www.dia.es/product_images/290663/290663_ISO_0_ES.jpg?imwidth=392"
  },
  {
    "categoria": "Pastas",
    "nombre": "Pluma nº 6 Gallo bolsa 450 g",
    "precio_unitario": "1,36 €",
    "precio_por_unidad": "(3,02 €/kg)",
    "imagen": "https://www.dia.es/product_images/69536/69536_ISO_0_ES.jpg?imwidth=392"
  },
  {
    "categoria": "Aceites",
    "nombre": "Aceite refinado de girasol Diasol botella 1 l",
    "precio_unitario": "1,53 €",
    "precio_por_unidad": "(1,53 €/L)",
    "imagen": "https://www.dia.es/product_images/101/101_ISO_0_ES.jpg?imwidth=392"
  },
  {
    "categoria": "Aceites",
    "nombre": "Aceite de oliva virgen extra La Almazara del Olivar de Dia botella 1 l",
    "precio_unitario": "8,85 €",
    "precio_por_unidad": "(8,85 €/L)",
    "imagen": "https://www.dia.es/product_images/112529/112529_ISO_0_ES.jpg?imwidth=392"
  },
  {
    "categoria": "Aceites",
    "nombre": "Aceite refinado de girasol Diasol garrafa 5 l",
    "precio_unitario": "7,16 €",
    "precio_por_unidad": "(1,43 €/L)",
    "imagen": "https://www.dia.es/product_images/49894/49894_ISO_0_ES.jpg?imwidth=392"
  },
  {
    "categoria": "Aceites",
    "nombre": "Aceite de oliva virgen La Almazara del Olivar de Dia botella 1 l",
    "precio_unitario": "7,75 €",
    "precio_por_unidad": "(7,75 €/L)",
    "imagen": "https://www.dia.es/product_images/216284/216284_ISO_0_ES.jpg?imwidth=392"
  },
  {
    "categoria": "Aceites",
    "nombre": "Aceite de orujo de oliva La Almazara del Olivar de Dia botella 1 l",
    "precio_unitario": "4,99 €",
    "precio_por_unidad": "(4,99 €/L)",
    "imagen": "https://www.dia.es/product_images/12668/12668_ISO_0_ES.jpg?imwidth=392"
  },
  {
    "categoria": "Aceites",
    "nombre": "Aceite de oliva virgen extra La Almazara del Olivar de Dia garrafa 3 l",
    "precio_unitario": "26,25 €",
    "precio_por_unidad": "(8,75 €/L)",
    "imagen": "https://www.dia.es/product_images/266129/266129_ISO_0_ES.jpg?imwidth=392"
  },
  {
    "categoria": "Aceites",
    "nombre": "Aceite de oliva suave La Almazara del Olivar de Dia botella 1 l",
    "precio_unitario": "6,75 €",
    "precio_por_unidad": "(6,75 €/L)",
    "imagen": "https://www.dia.es/product_images/104/104_ISO_0_ES.jpg?imwidth=392"
  },
  {
    "categoria": "Aceites",
    "nombre": "Aceite de oliva intenso La Almazara del Olivar de Dia botella 1 l",
    "precio_unitario": "6,75 €",
    "precio_por_unidad": "(6,75 €/L)",
    "imagen": "https://www.dia.es/product_images/105/105_ISO_0_ES.jpg?imwidth=392"
  },
  {
    "categoria": "Aceites",
    "nombre": "Aceite de oliva virgen La Almazara del Olivar de Dia garrafa 3 l",
    "precio_unitario": "22,95 €",
    "precio_por_unidad": "(7,65 €/L)",
    "imagen": "https://www.dia.es/product_images/227121/227121_ISO_0_ES.jpg?imwidth=392"
  },
  {
    "categoria": "Aceites",
    "nombre": "Aceite de oliva suave La Almazara del Olivar de Dia botella 3 l",
    "precio_unitario": "19,95 €",
    "precio_por_unidad": "(6,65 €/L)",
    "imagen": "https://www.dia.es/product_images/27768/27768_ISO_0_ES.jpg?imwidth=392"
  },
  {
    "categoria": "Aceites",
    "nombre": "Aceite de oliva intenso La Almazara del Olivar de Dia botella 3 l",
    "precio_unitario": "19,95 €",
    "precio_por_unidad": "(6,65 €/L)",
    "imagen": "https://www.dia.es/product_images/65631/65631_ISO_0_ES.jpg?imwidth=392"
  },
  {
    "categoria": "Aceites",
    "nombre": "Aceite de oliva suave Carbonell botella 1 l",
    "precio_unitario": "10,69 €",
    "precio_por_unidad": "(10,69 €/L)",
    "imagen": "https://www.dia.es/product_images/100/100_ISO_0_ES.jpg?imwidth=392"
  },
  {
    "categoria": "Aceites",
    "nombre": "Aceite de girasol alto oleico especial freidora de aire Diasol spray 200 ml",
    "precio_unitario": "1,99 €",
    "precio_por_unidad": "(9,95 €/L)",
    "imagen": "https://www.dia.es/product_images/302600/302600_ISO_0_ES.jpg?imwidth=392"
  },
  {
    "categoria": "Aceites",
    "nombre": "Aceite de oliva intenso Carbonell botella 1 l",
    "precio_unitario": "10,69 €",
    "precio_por_unidad": "(10,69 €/L)",
    "imagen": "https://www.dia.es/product_images/188385/188385_ISO_0_ES.jpg?imwidth=392"
  },
  {
    "categoria": "Aceites",
    "nombre": "Aceite de girasol Koipe botella 1 l",
    "precio_unitario": "2,65 €",
    "precio_por_unidad": "(2,65 €/L)",
    "imagen": "https://www.dia.es/product_images/193/193_ISO_0_ES.jpg?imwidth=392"
  },
  {
    "categoria": "Aceites",
    "nombre": "Aceite de oliva virgen extra Carbonell spray 200 ml",
    "precio_unitario": "4,26 €",
    "precio_por_unidad": "(21,30 €/L)",
    "imagen": "https://www.dia.es/product_images/216988/216988_ISO_0_ES.jpg?imwidth=392"
  },
  {
    "categoria": "Aceites",
    "nombre": "Aceite de girasol La masía garrafa 5 l",
    "precio_unitario": "9,39 €",
    "precio_por_unidad": "(1,88 €/L)",
    "imagen": "https://www.dia.es/product_images/282336/282336_ISO_0_ES.jpg?imwidth=392"
  },
  {
    "categoria": "Aceites",
    "nombre": "Aceite de oliva virgen extra Carbonell botella 1 l",
    "precio_unitario": "13,80 €",
    "precio_por_unidad": "(13,80 €/L)",
    "imagen": "https://www.dia.es/product_images/70791/70791_ISO_0_ES.jpg?imwidth=392"
  },
  {
    "categoria": "Aceites",
    "nombre": "Aceite de girasol especial para freír Koipe botella 1 l",
    "precio_unitario": "2,75 €",
    "precio_por_unidad": "(2,75 €/L)",
    "imagen": "https://www.dia.es/product_images/198607/198607_ISO_0_ES.jpg?imwidth=392"
  },
  {
    "categoria": "Aceites",
    "nombre": "Aceite de oliva suave La española botella 1 l",
    "precio_unitario": "10,99 €",
    "precio_por_unidad": "(10,99 €/L)",
    "imagen": "https://www.dia.es/product_images/1548/1548_ISO_0_ES.jpg?imwidth=392"
  },
  {
    "categoria": "Vinagres y aliños",
    "nombre": "Vinagre de vino blanco Aliña tu Dia botella 1 l",
    "precio_unitario": "0,65 €",
    "precio_por_unidad": "(0,65 €/L)",
    "imagen": "https://www.dia.es/product_images/422/422_ISO_0_ES.jpg?imwidth=392"
  },
  {
    "categoria": "Vinagres y aliños",
    "nombre": "Vinagre balsámico de módena Selección Mundial de Dia botella 500 ml",
    "precio_unitario": "2,39 €",
    "precio_por_unidad": "(4,78 €/L)",
    "imagen": "https://www.dia.es/product_images/106144/106144_ISO_0_ES.jpg?imwidth=392"
  },
  {
    "categoria": "Vinagres y aliños",
    "nombre": "Crema de vinagre de módena Aliña tu Dia botella 250 ml",
    "precio_unitario": "1,99 €",
    "precio_por_unidad": "(7,96 €/L)",
    "imagen": "https://www.dia.es/product_images/107321/107321_ISO_0_ES.jpg?imwidth=392"
  },
  {
    "categoria": "Vinagres y aliños",
    "nombre": "Vinagre de manzana Aliña tu Dia botella 1 l",
    "precio_unitario": "0,80 €",
    "precio_por_unidad": "(0,80 €/L)",
    "imagen": "https://www.dia.es/product_images/84060/84060_ISO_0_ES.jpg?imwidth=392"
  },
  {
    "categoria": "Vinagres y aliños",
    "nombre": "Vinagre de jerez reserva dop Delicias de Dia botella 250 ml",
    "precio_unitario": "1,99 €",
    "precio_por_unidad": "(7,96 €/L)",
    "imagen": "https://www.dia.es/product_images/273811/273811_ISO_0_ES.jpg?imwidth=392"
  },
  {
    "categoria": "Vinagres y aliños",
    "nombre": "Aderezo de limón Aliña tu Dia botella 50 cl",
    "precio_unitario": "0,99 €",
    "precio_por_unidad": "(1,98 €/L)",
    "imagen": "https://www.dia.es/product_images/40166/40166_ISO_0_ES.jpg?imwidth=392"
  },
  {
    "categoria": "Vinagres y aliños",
    "nombre": "Zumo de limón concentrado Polenghi bote 200 ml",
    "precio_unitario": "1,03 €",
    "precio_por_unidad": "(5,15 €/L)",
    "imagen": "https://www.dia.es/product_images/237059/237059_ISO_0_ES.jpg?imwidth=392"
  },
  {
    "categoria": "Vinagres y aliños",
    "nombre": "Vinagre de vino blanco Borges botella 1 l",
    "precio_unitario": "1,15 €",
    "precio_por_unidad": "(1,15 €/L)",
    "imagen": "https://www.dia.es/product_images/225061/225061_ISO_0_ES.jpg?imwidth=392"
  },
  {
    "categoria": "Vinagres y aliños",
    "nombre": "Crema de vinagre con Pedro Ximénez Aliña tu Dia botella 220 ml",
    "precio_unitario": "2,35 €",
    "precio_por_unidad": "(10,68 €/L)",
    "imagen": "https://www.dia.es/product_images/207804/207804_ISO_0_ES.jpg?imwidth=392"
  },
  {
    "categoria": "Vinagres y aliños",
    "nombre": "Vinagre balsámico de módena Borges botella 250 ml",
    "precio_unitario": "2,19 €",
    "precio_por_unidad": "(8,76 €/L)",
    "imagen": "https://www.dia.es/product_images/68383/68383_ISO_0_ES.jpg?imwidth=392"
  },
  {
    "categoria": "Vinagres y aliños",
    "nombre": "Vinagre de manzana ecológico Riojavina botella 500 ml",
    "precio_unitario": "2,35 €",
    "precio_por_unidad": "(4,70 €/L)",
    "imagen": "https://www.dia.es/product_images/270283/270283_ISO_0_ES.jpg?imwidth=392"
  },
  {
    "categoria": "Vinagres y aliños",
    "nombre": "Crema de vinagre de Módena con frambuesa Aliña tu Dia botella 220 ml",
    "precio_unitario": "2,35 €",
    "precio_por_unidad": "(10,68 €/L)",
    "imagen": "https://www.dia.es/product_images/183217/183217_ISO_0_ES.jpg?imwidth=392"
  },
  {
    "categoria": "Vinagres y aliños",
    "nombre": "Vinagre de vino blanco Ybarra botella 1 l",
    "precio_unitario": "1,05 €",
    "precio_por_unidad": "(1,05 €/L)",
    "imagen": "https://www.dia.es/product_images/188810/188810_ISO_0_ES.jpg?imwidth=392"
  },
  {
    "categoria": "Vinagres y aliños",
    "nombre": "Crema vinagre de módena sin azúcares añadidos Vulpi botella 400 ml",
    "precio_unitario": "1,99 €",
    "precio_por_unidad": "(4,98 €/L)",
    "imagen": "https://www.dia.es/product_images/283349/283349_ISO_0_ES.jpg?imwidth=392"
  },
  {
    "categoria": "Vinagres y aliños",
    "nombre": "Vinagre de manzana Ybarra botella 1 l",
    "precio_unitario": "1,95 €",
    "precio_por_unidad": "(1,95 €/L)",
    "imagen": "https://www.dia.es/product_images/292664/292664_ISO_0_ES.jpg?imwidth=392"
  },
  {
    "categoria": "Vinagres y aliños",
    "nombre": "Vinagre de vino tinto Borges botella 1 l",
    "precio_unitario": "1,15 €",
    "precio_por_unidad": "(1,15 €/L)",
    "imagen": "https://www.dia.es/product_images/211412/211412_ISO_0_ES.jpg?imwidth=392"
  },
  {
    "categoria": "Vinagres y aliños",
    "nombre": "Vinagre de sidra Mayador botella 75 cl",
    "precio_unitario": "2,79 €",
    "precio_por_unidad": "(3,72 €/L)",
    "imagen": "https://www.dia.es/product_images/189841/189841_ISO_0_ES.jpg?imwidth=392"
  },
  {
    "categoria": "Sal y especias",
    "nombre": "Sal marina de mesa fina Dia paquete 1 Kg",
    "precio_unitario": "0,35 €",
    "precio_por_unidad": "(0,35 €/kg)",
    "imagen": "https://www.dia.es/product_images/419/419_ISO_0_ES.jpg?imwidth=392"
  },
  {
    "categoria": "Sal y especias",
    "nombre": "Ajo en polvo Vegecampo de Dia frasco 85 g",
    "precio_unitario": "0,91 €",
    "precio_por_unidad": "(10,71 €/kg)",
    "imagen": "https://www.dia.es/product_images/299121/299121_ISO_0_ES.jpg?imwidth=392"
  },
  {
    "categoria": "Sal y especias",
    "nombre": "Orégano Vegecampo de Dia frasco 15 g",
    "precio_unitario": "0,65 €",
    "precio_por_unidad": "(43,33 €/kg)",
    "imagen": "https://www.dia.es/product_images/1293/1293_ISO_0_ES.jpg?imwidth=392"
  },
  {
    "categoria": "Sal y especias",
    "nombre": "Perejil Vegecampo de Dia frasco 18 g",
    "precio_unitario": "0,79 €",
    "precio_por_unidad": "(43,89 €/kg)",
    "imagen": "https://www.dia.es/product_images/299136/299136_ISO_0_ES.jpg?imwidth=392"
  },
  {
    "categoria": "Sal y especias",
    "nombre": "Cebolla en polvo Vegecampo de Dia frasco 60 g",
    "precio_unitario": "0,92 €",
    "precio_por_unidad": "(15,33 €/kg)",
    "imagen": "https://www.dia.es/product_images/299128/299128_ISO_0_ES.jpg?imwidth=392"
  },
  {
    "categoria": "Sal y especias",
    "nombre": "Hojas de laurel Dani bolsa 10 g",
    "precio_unitario": "0,89 €",
    "precio_por_unidad": "(89,00 €/kg)",
    "imagen": "https://www.dia.es/product_images/38750/38750_ISO_0_ES.jpg?imwidth=392"
  },
  {
    "categoria": "Sal y especias",
    "nombre": "Canela molida Vegecampo de Dia frasco 45 g",
    "precio_unitario": "0,87 €",
    "precio_por_unidad": "(19,33 €/kg)",
    "imagen": "https://www.dia.es/product_images/299126/299126_ISO_0_ES.jpg?imwidth=392"
  },
  {
    "categoria": "Sal y especias",
    "nombre": "Sal marina yodada Dia paquete 1 Kg",
    "precio_unitario": "0,35 €",
    "precio_por_unidad": "(0,35 €/kg)",
    "imagen": "https://www.dia.es/product_images/19518/19518_ISO_0_ES.jpg?imwidth=392"
  },
  {
    "categoria": "Sal y especias",
    "nombre": "Pimienta negra Vegecampo de Dia frasco 65 g",
    "precio_unitario": "1,07 €",
    "precio_por_unidad": "(16,46 €/kg)",
    "imagen": "https://www.dia.es/product_images/299147/299147_ISO_0_ES.jpg?imwidth=392"
  },
  {
    "categoria": "Sal y especias",
    "nombre": "Pimentón dulce de La Vera Vega Cáceres lata 75 g",
    "precio_unitario": "1,95 €",
    "precio_por_unidad": "(26,00 €/kg)",
    "imagen": "https://www.dia.es/product_images/297399/297399_ISO_0_ES.jpg?imwidth=392"
  },
  {
    "categoria": "Sal y especias",
    "nombre": "Sal marina gruesa Dia paquete 1 Kg",
    "precio_unitario": "0,35 €",
    "precio_por_unidad": "(0,35 €/kg)",
    "imagen": "https://www.dia.es/product_images/51835/51835_ISO_0_ES.jpg?imwidth=392"
  },
  {
    "categoria": "Sal y especias",
    "nombre": "Pimentón dulce Vegecampo de Dia frasco 58 g",
    "precio_unitario": "0,95 €",
    "precio_por_unidad": "(16,38 €/kg)",
    "imagen": "https://www.dia.es/product_images/297208/297208_ISO_0_ES.jpg?imwidth=392"
  },
  {
    "categoria": "Sal y especias",
    "nombre": "Canela en rama Vegecampo de Dia frasco 20 g",
    "precio_unitario": "1,39 €",
    "precio_por_unidad": "(69,50 €/kg)",
    "imagen": "https://www.dia.es/product_images/299125/299125_ISO_0_ES.jpg?imwidth=392"
  },
  {
    "categoria": "Sal y especias",
    "nombre": "Colorante alimentario Vegecampo de Dia frasco 75 g",
    "precio_unitario": "0,84 €",
    "precio_por_unidad": "(11,20 €/kg)",
    "imagen": "https://www.dia.es/product_images/297203/297203_ISO_0_ES.jpg?imwidth=392"
  },
  {
    "categoria": "Sal y especias",
    "nombre": "Comino molido Vegecampo de Dia frasco 60 g",
    "precio_unitario": "1,15 €",
    "precio_por_unidad": "(19,17 €/kg)",
    "imagen": "https://www.dia.es/product_images/299132/299132_ISO_0_ES.jpg?imwidth=392"
  },
  {
    "categoria": "Sal y especias",
    "nombre": "Curry Vegecampo de Dia frasco 55 g",
    "precio_unitario": "1,10 €",
    "precio_por_unidad": "(20,00 €/kg)",
    "imagen": "https://www.dia.es/product_images/299133/299133_ISO_0_ES.jpg?imwidth=392"
  },
  {
    "categoria": "Sal y especias",
    "nombre": "Hierbas provenzales Vegecampo de Dia frasco 22 g",
    "precio_unitario": "1,05 €",
    "precio_por_unidad": "(47,73 €/kg)",
    "imagen": "https://www.dia.es/product_images/297206/297206_ISO_0_ES.jpg?imwidth=392"
  },
  {
    "categoria": "Sal y especias",
    "nombre": "Molinillo 4 pimientas Vegecampo de Dia frasco 42 g",
    "precio_unitario": "1,55 €",
    "precio_por_unidad": "(36,90 €/kg)",
    "imagen": "https://www.dia.es/product_images/297074/297074_ISO_0_ES.jpg?imwidth=392"
  },
  {
    "categoria": "Sal y especias",
    "nombre": "Jengibre molido Vegecampo de Dia frasco 50 g",
    "precio_unitario": "1,59 €",
    "precio_por_unidad": "(31,80 €/kg)",
    "imagen": "https://www.dia.es/product_images/299135/299135_ISO_0_ES.jpg?imwidth=392"
  },
  {
    "categoria": "Sal y especias",
    "nombre": "Sazonador ajo perejil Dani bote 25 g",
    "precio_unitario": "1,69 €",
    "precio_por_unidad": "(67,60 €/kg)",
    "imagen": "https://www.dia.es/product_images/304809/304809_ISO_0_ES.jpg?imwidth=392"
  },
  {
    "categoria": "Mayonesa, ketchup y otras salsas",
    "nombre": "Ketchup Salseo de Dia bote 560 g",
    "precio_unitario": "1,07 €",
    "precio_por_unidad": "(1,91 €/kg)",
    "imagen": "https://www.dia.es/product_images/4853/4853_ISO_0_ES.jpg?imwidth=392"
  },
  {
    "categoria": "Mayonesa, ketchup y otras salsas",
    "nombre": "Mayonesa Salseo de Dia bote 500 ml",
    "precio_unitario": "1,59 €",
    "precio_por_unidad": "(3,18 €/L)",
    "imagen": "https://www.dia.es/product_images/209164/209164_ISO_0_ES.jpg?imwidth=392"
  },
  {
    "categoria": "Mayonesa, ketchup y otras salsas",
    "nombre": "Mayonesa Salseo de Dia frasco 450 ml",
    "precio_unitario": "1,29 €",
    "precio_por_unidad": "(2,87 €/L)",
    "imagen": "https://www.dia.es/product_images/53720/53720_ISO_0_ES.jpg?imwidth=392"
  },
  {
    "categoria": "Mayonesa, ketchup y otras salsas",
    "nombre": "Salsa de soja Salseo de Dia frasco 250 ml",
    "precio_unitario": "1,30 €",
    "precio_por_unidad": "(5,20 €/L)",
    "imagen": "https://www.dia.es/product_images/287019/287019_ISO_0_ES.jpg?imwidth=392"
  },
  {
    "categoria": "Mayonesa, ketchup y otras salsas",
    "nombre": "Salsa barbacoa Salseo de Dia bote 360 g",
    "precio_unitario": "1,15 €",
    "precio_por_unidad": "(3,19 €/kg)",
    "imagen": "https://www.dia.es/product_images/79155/79155_ISO_0_ES.jpg?imwidth=392"
  },
  {
    "categoria": "Mayonesa, ketchup y otras salsas",
    "nombre": "Ketchup light Salseo de Dia bote 540 g",
    "precio_unitario": "1,00 €",
    "precio_por_unidad": "(1,85 €/kg)",
    "imagen": "https://www.dia.es/product_images/74771/74771_ISO_0_ES.jpg?imwidth=392"
  },
  {
    "categoria": "Mayonesa, ketchup y otras salsas",
    "nombre": "Salsa ali oli Chovi tarrina 180 g",
    "precio_unitario": "1,35 €",
    "precio_por_unidad": "(7,50 €/kg)",
    "imagen": "https://www.dia.es/product_images/45706/45706_ISO_0_ES.jpg?imwidth=392"
  },
  {
    "categoria": "Mayonesa, ketchup y otras salsas",
    "nombre": "Salsa para hamburguesas Salseo de Dia bote 300 g",
    "precio_unitario": "1,69 €",
    "precio_por_unidad": "(5,63 €/kg)",
    "imagen": "https://www.dia.es/product_images/79156/79156_ISO_0_ES.jpg?imwidth=392"
  },
  {
    "categoria": "Mayonesa, ketchup y otras salsas",
    "nombre": "Mostaza original Salseo de Dia bote 250 g",
    "precio_unitario": "1,09 €",
    "precio_por_unidad": "(4,36 €/kg)",
    "imagen": "https://www.dia.es/product_images/56586/56586_ISO_0_ES.jpg?imwidth=392"
  },
  {
    "categoria": "Mayonesa, ketchup y otras salsas",
    "nombre": "Mayonesa Ybarra frasco 400 ml",
    "precio_unitario": "2,19 €",
    "precio_por_unidad": "(5,48 €/L)",
    "imagen": "https://www.dia.es/product_images/6847/6847_ISO_0_ES.jpg?imwidth=392"
  },
  {
    "categoria": "Mayonesa, ketchup y otras salsas",
    "nombre": "Gran mayonesa Hellmanns frasco 225 ml",
    "precio_unitario": "1,95 €",
    "precio_por_unidad": "(8,67 €/L)",
    "imagen": "https://www.dia.es/product_images/219916/219916_ISO_0_ES.jpg?imwidth=392"
  },
  {
    "categoria": "Mayonesa, ketchup y otras salsas",
    "nombre": "Salsa boloñesa Al Diante Dia frasco 300 g",
    "precio_unitario": "1,69 €",
    "precio_por_unidad": "(5,63 €/kg)",
    "imagen": "https://www.dia.es/product_images/285530/285530_ISO_0_ES.jpg?imwidth=392"
  },
  {
    "categoria": "Mayonesa, ketchup y otras salsas",
    "nombre": "Mayonesa Salseo de Dia bote 300 ml",
    "precio_unitario": "1,25 €",
    "precio_por_unidad": "(4,17 €/L)",
    "imagen": "https://www.dia.es/product_images/19441/19441_ISO_0_ES.jpg?imwidth=392"
  },
  {
    "categoria": "Mayonesa, ketchup y otras salsas",
    "nombre": "Salsa de yogur Salseo de Dia bote 300 ml",
    "precio_unitario": "1,16 €",
    "precio_por_unidad": "(3,87 €/L)",
    "imagen": "https://www.dia.es/product_images/142034/142034_ISO_0_ES.jpg?imwidth=392"
  },
  {
    "categoria": "Mayonesa, ketchup y otras salsas",
    "nombre": "Salsa césar Salseo de Dia bote 300 ml",
    "precio_unitario": "1,35 €",
    "precio_por_unidad": "(4,50 €/L)",
    "imagen": "https://www.dia.es/product_images/129425/129425_ISO_0_ES.jpg?imwidth=392"
  },
  {
    "categoria": "Mayonesa, ketchup y otras salsas",
    "nombre": "Ketchup Salseo de Dia bote 340 g",
    "precio_unitario": "0,99 €",
    "precio_por_unidad": "(2,91 €/kg)",
    "imagen": "https://www.dia.es/product_images/49608/49608_ISO_0_ES.jpg?imwidth=392"
  },
  {
    "categoria": "Mayonesa, ketchup y otras salsas",
    "nombre": "Salsa pesto verde Al Diante Dia frasco 185 g",
    "precio_unitario": "2,29 €",
    "precio_por_unidad": "(12,38 €/kg)",
    "imagen": "https://www.dia.es/product_images/285506/285506_ISO_0_ES.jpg?imwidth=392"
  },
  {
    "categoria": "Mayonesa, ketchup y otras salsas",
    "nombre": "Salsa ligera Salseo de Dia frasco 450 ml",
    "precio_unitario": "1,29 €",
    "precio_por_unidad": "(2,87 €/L)",
    "imagen": "https://www.dia.es/product_images/148579/148579_ISO_0_ES.jpg?imwidth=392"
  },
  {
    "categoria": "Mayonesa, ketchup y otras salsas",
    "nombre": "Ketchup top down Heinz bote 460 g",
    "precio_unitario": "3,29 €",
    "precio_por_unidad": "(7,15 €/kg)",
    "imagen": "https://www.dia.es/product_images/31118/31118_ISO_0_ES.jpg?imwidth=392"
  },
  {
    "categoria": "Mayonesa, ketchup y otras salsas",
    "nombre": "Salsa top down Ligeresa bote 430 ml",
    "precio_unitario": "2,65 €",
    "precio_por_unidad": "(6,16 €/L)",
    "imagen": "https://www.dia.es/product_images/144136/144136_ISO_0_ES.jpg?imwidth=392"
  },
  {
    "categoria": "Leche",
    "nombre": "Leche semidesnatada Dia Láctea brik 6 x 1 l",
    "precio_unitario": "4,98 €",
    "precio_por_unidad": "(0,83 €/L)",
    "imagen": "https://www.dia.es/product_images/504P6/504P6_ISO_0_ES.jpg?imwidth=392"
  },
  {
    "categoria": "Leche",
    "nombre": "Leche entera Dia Láctea brik 6 x 1 l",
    "precio_unitario": "5,52 €",
    "precio_por_unidad": "(0,92 €/L)",
    "imagen": "https://www.dia.es/product_images/608P6/608P6_ISO_0_ES.jpg?imwidth=392"
  },
  {
    "categoria": "Leche",
    "nombre": "Leche semidesnatada sin lactosa Dia Láctea brik 6 x 1 l",
    "precio_unitario": "5,46 €",
    "precio_por_unidad": "(0,91 €/L)",
    "imagen": "https://www.dia.es/product_images/130063P6/130063P6_ISO_0_ES.jpg?imwidth=392"
  },
  {
    "categoria": "Leche",
    "nombre": "Leche desnatada Dia Láctea brik 6 x 1 l",
    "precio_unitario": "4,74 €",
    "precio_por_unidad": "(0,79 €/L)",
    "imagen": "https://www.dia.es/product_images/607P6/607P6_ISO_0_ES.jpg?imwidth=392"
  },
  {
    "categoria": "Leche",
    "nombre": "Leche semidesnatada Dia Láctea brik 1 l",
    "precio_unitario": "0,83 €",
    "precio_por_unidad": "(0,83 €/L)",
    "imagen": "https://www.dia.es/product_images/504/504_ISO_0_ES.jpg?imwidth=392"
  },
  {
    "categoria": "Leche",
    "nombre": "Leche desnatada sin lactosa Dia Láctea brik 6 x 1 l",
    "precio_unitario": "5,28 €",
    "precio_por_unidad": "(0,88 €/L)",
    "imagen": "https://www.dia.es/product_images/185450P6/185450P6_ISO_0_ES.jpg?imwidth=392"
  },
  {
    "categoria": "Leche",
    "nombre": "Leche entera Dia Láctea brik 1 l",
    "precio_unitario": "0,92 €",
    "precio_por_unidad": "(0,92 €/L)",
    "imagen": "https://www.dia.es/product_images/608/608_ISO_0_ES.jpg?imwidth=392"
  },
  {
    "categoria": "Leche",
    "nombre": "Leche semidesnatada sin lactosa Dia Láctea brik 1 l",
    "precio_unitario": "0,91 €",
    "precio_por_unidad": "(0,91 €/L)",
    "imagen": "https://www.dia.es/product_images/130063/130063_ISO_0_ES.jpg?imwidth=392"
  },
  {
    "categoria": "Leche",
    "nombre": "Leche semidesnatada Central Lechera Asturiana brik 6 x 1 l",
    "precio_unitario": "6,66 €",
    "precio_por_unidad": "(1,11 €/L)",
    "imagen": "https://www.dia.es/product_images/17548P6/17548P6_ISO_0_ES.jpg?imwidth=392"
  },
  {
    "categoria": "Leche",
    "nombre": "Leche entera Central Lechera Asturiana brik 6 x 1 l",
    "precio_unitario": "6,96 €",
    "precio_por_unidad": "(1,16 €/L)",
    "imagen": "https://www.dia.es/product_images/16065P6/16065P6_ISO_0_ES.jpg?imwidth=392"
  },
  {
    "categoria": "Leche",
    "nombre": "Leche entera sin lactosa Dia Láctea brik 6 x 1 l",
    "precio_unitario": "5,94 €",
    "precio_por_unidad": "(0,99 €/L)",
    "imagen": "https://www.dia.es/product_images/225278P6/225278P6_ISO_0_ES.jpg?imwidth=392"
  },
  {
    "categoria": "Leche",
    "nombre": "Leche desnatada Dia Láctea brik 1 l",
    "precio_unitario": "0,79 €",
    "precio_por_unidad": "(0,79 €/L)",
    "imagen": "https://www.dia.es/product_images/607/607_ISO_0_ES.jpg?imwidth=392"
  },
  {
    "categoria": "Leche",
    "nombre": "Leche entera Dia Láctea brik 3 x 200 ml",
    "precio_unitario": "0,87 €",
    "precio_por_unidad": "(1,45 €/L)",
    "imagen": "https://www.dia.es/product_images/303496/303496_ISO_0_ES.jpg?imwidth=392"
  },
  {
    "categoria": "Leche",
    "nombre": "Leche condensada Dia Láctea bote 450 g",
    "precio_unitario": "2,59 €",
    "precio_por_unidad": "(5,76 €/kg)",
    "imagen": "https://www.dia.es/product_images/57797/57797_ISO_0_ES.jpg?imwidth=392"
  },
  {
    "categoria": "Leche",
    "nombre": "Leche desnatada calcio Dia Láctea brik 1 l",
    "precio_unitario": "0,95 €",
    "precio_por_unidad": "(0,95 €/L)",
    "imagen": "https://www.dia.es/product_images/46626/46626_ISO_0_ES.jpg?imwidth=392"
  },
  {
    "categoria": "Leche",
    "nombre": "Leche desnatada sin lactosa Dia Láctea brik 1 l",
    "precio_unitario": "0,88 €",
    "precio_por_unidad": "(0,88 €/L)",
    "imagen": "https://www.dia.es/product_images/185450/185450_ISO_0_ES.jpg?imwidth=392"
  },
  {
    "categoria": "Leche",
    "nombre": "Leche entera Central Lechera Asturiana botella 6 x 1.5 l",
    "precio_unitario": "10,92 €",
    "precio_por_unidad": "(1,21 €/L)",
    "imagen": "https://www.dia.es/product_images/74720P6/74720P6_ISO_0_ES.jpg?imwidth=392"
  },
  {
    "categoria": "Leche",
    "nombre": "Leche semidesnatada Central Lechera Asturiana botella 6 x 2.2 l",
    "precio_unitario": "13,98 €",
    "precio_por_unidad": "(1,06 €/L)",
    "imagen": "https://www.dia.es/product_images/173903P6/173903P6_ISO_0_ES.jpg?imwidth=392"
  },
  {
    "categoria": "Leche",
    "nombre": "Leche semidesnatada calcio Dia Láctea brik 1 l",
    "precio_unitario": "0,98 €",
    "precio_por_unidad": "(0,98 €/L)",
    "imagen": "https://www.dia.es/product_images/34609/34609_ISO_0_ES.jpg?imwidth=392"
  },
  {
    "categoria": "Leche",
    "nombre": "Leche fresca entera Dia Láctea botella 1 l",
    "precio_unitario": "1,07 €",
    "precio_por_unidad": "(1,07 €/L)",
    "imagen": "https://www.dia.es/product_images/271329/271329_ISO_0_ES.jpg?imwidth=392"
  },
  {
    "categoria": "Bebidas vegetales",
    "nombre": "Bebida de avena con calcio Vegedia brik 1 l",
    "precio_unitario": "0,99 €",
    "precio_por_unidad": "(0,99 €/L)",
    "imagen": "https://www.dia.es/product_images/207399/207399_ISO_0_ES.jpg?imwidth=392"
  },
  {
    "categoria": "Bebidas vegetales",
    "nombre": "Bebida de avena Vegedia brik 1 l",
    "precio_unitario": "0,95 €",
    "precio_por_unidad": "(0,95 €/L)",
    "imagen": "https://www.dia.es/product_images/267682/267682_ISO_0_ES.jpg?imwidth=392"
  },
  {
    "categoria": "Bebidas vegetales",
    "nombre": "Bebida de almendras 0% azúcares Vegedia brik 1 l",
    "precio_unitario": "1,30 €",
    "precio_por_unidad": "(1,30 €/L)",
    "imagen": "https://www.dia.es/product_images/267684/267684_ISO_0_ES.jpg?imwidth=392"
  },
  {
    "categoria": "Bebidas vegetales",
    "nombre": "Bebida de soja 0% azúcares Vegedia brik 1 l",
    "precio_unitario": "0,75 €",
    "precio_por_unidad": "(0,75 €/L)",
    "imagen": "https://www.dia.es/product_images/294323/294323_ISO_0_ES.jpg?imwidth=392"
  },
  {
    "categoria": "Bebidas vegetales",
    "nombre": "Bebida de soja con calcio Vegedia brik 1 l",
    "precio_unitario": "0,89 €",
    "precio_por_unidad": "(0,89 €/L)",
    "imagen": "https://www.dia.es/product_images/294324/294324_ISO_0_ES.jpg?imwidth=392"
  },
  {
    "categoria": "Bebidas vegetales",
    "nombre": "Bebida de avena 0% azúcares Vegedia brik 1 l",
    "precio_unitario": "0,80 €",
    "precio_por_unidad": "(0,80 €/L)",
    "imagen": "https://www.dia.es/product_images/293332/293332_ISO_0_ES.jpg?imwidth=392"
  },
  {
    "categoria": "Bebidas vegetales",
    "nombre": "Bebida de almendras sin azúcar Alpro brik 1 l",
    "precio_unitario": "1,99 €",
    "precio_por_unidad": "(1,99 €/L)",
    "imagen": "https://www.dia.es/product_images/285658/285658_ISO_0_ES.jpg?imwidth=392"
  },
  {
    "categoria": "Bebidas vegetales",
    "nombre": "Bebida de arroz Vegedia brik 1 l",
    "precio_unitario": "0,99 €",
    "precio_por_unidad": "(0,99 €/L)",
    "imagen": "https://www.dia.es/product_images/267683/267683_ISO_0_ES.jpg?imwidth=392"
  },
  {
    "categoria": "Bebidas vegetales",
    "nombre": "Bebida de soja Pascual Vivesoy brik 1 l",
    "precio_unitario": "1,89 €",
    "precio_por_unidad": "(1,89 €/L)",
    "imagen": "https://www.dia.es/product_images/73692/73692_ISO_0_ES.jpg?imwidth=392"
  },
  {
    "categoria": "Bebidas vegetales",
    "nombre": "Bebida de almendras Alpro brik 1 l",
    "precio_unitario": "1,99 €",
    "precio_por_unidad": "(1,99 €/L)",
    "imagen": "https://www.dia.es/product_images/167442/167442_ISO_0_ES.jpg?imwidth=392"
  },
  {
    "categoria": "Bebidas vegetales",
    "nombre": "Bebida de avena Pascual Vivesoy pack 6 x 1 l",
    "precio_unitario": "11,34 €",
    "precio_por_unidad": "(1,89 €/L)",
    "imagen": "https://www.dia.es/product_images/174052P6/174052P6_ISO_0_ES.jpg?imwidth=392"
  },
  {
    "categoria": "Bebidas vegetales",
    "nombre": "Bebida de soja Dia Vital brik 1 l",
    "precio_unitario": "0,99 €",
    "precio_por_unidad": "(0,99 €/L)",
    "imagen": "https://www.dia.es/product_images/3027/3027_ISO_0_ES.jpg?imwidth=392"
  },
  {
    "categoria": "Bebidas vegetales",
    "nombre": "Bebida de avena Alpro pack 6 x 1 l",
    "precio_unitario": "11,94 €",
    "precio_por_unidad": "(1,99 €/L)",
    "imagen": "https://www.dia.es/product_images/163737P6/163737P6_ISO_0_ES.jpg?imwidth=392"
  },
  {
    "categoria": "Bebidas vegetales",
    "nombre": "Bebida de avena Yosoy brik 1 l",
    "precio_unitario": "1,59 €",
    "precio_por_unidad": "(1,59 €/L)",
    "imagen": "https://www.dia.es/product_images/270828/270828_ISO_0_ES.jpg?imwidth=392"
  },
  {
    "categoria": "Bebidas vegetales",
    "nombre": "Bebida de avena sin azúcar Alpro brik 1 l",
    "precio_unitario": "1,99 €",
    "precio_por_unidad": "(1,99 €/L)",
    "imagen": "https://www.dia.es/product_images/285659/285659_ISO_0_ES.jpg?imwidth=392"
  },
  {
    "categoria": "Bebidas vegetales",
    "nombre": "Bebida de avena Pascual Vivesoy brik 1 l",
    "precio_unitario": "1,89 €",
    "precio_por_unidad": "(1,89 €/L)",
    "imagen": "https://www.dia.es/product_images/174052/174052_ISO_0_ES.jpg?imwidth=392"
  },
  {
    "categoria": "Bebidas vegetales",
    "nombre": "Bebida de almendras Alpro brik 6 x 1 l",
    "precio_unitario": "11,94 €",
    "precio_por_unidad": "(1,99 €/L)",
    "imagen": "https://www.dia.es/product_images/167442P6/167442P6_ISO_0_ES.jpg?imwidth=392"
  },
  {
    "categoria": "Bebidas vegetales",
    "nombre": "Bebida de avena sin azúcar Alpro pack 6 x 1 l",
    "precio_unitario": "11,94 €",
    "precio_por_unidad": "(1,99 €/L)",
    "imagen": "https://www.dia.es/product_images/285659P6/285659P6_ISO_0_ES.jpg?imwidth=392"
  },
  {
    "categoria": "Bebidas vegetales",
    "nombre": "Bebida de almendras sin azúcar Alpro pack 6 x 1 l",
    "precio_unitario": "11,94 €",
    "precio_por_unidad": "(1,99 €/L)",
    "imagen": "https://www.dia.es/product_images/285658P6/285658P6_ISO_0_ES.jpg?imwidth=392"
  },
  {
    "categoria": "Bebidas vegetales",
    "nombre": "Bebida de avena Alpro brik 1 l",
    "precio_unitario": "1,99 €",
    "precio_por_unidad": "(1,99 €/L)",
    "imagen": "https://www.dia.es/product_images/163737/163737_ISO_0_ES.jpg?imwidth=392"
  },
  {
    "categoria": "Batidos y horchatas",
    "nombre": "Batido de chocolate Dia Láctea brik 6 x 200 ml",
    "precio_unitario": "1,40 €",
    "precio_por_unidad": "(1,17 €/L)",
    "imagen": "https://www.dia.es/product_images/296458/296458_ISO_0_ES.jpg?imwidth=392"
  },
  {
    "categoria": "Batidos y horchatas",
    "nombre": "Batido de cacao 90% Dia lactea brik 6 x 200 ml",
    "precio_unitario": "1,65 €",
    "precio_por_unidad": "(1,38 €/L)",
    "imagen": "https://www.dia.es/product_images/115833/115833_ISO_0_ES.jpg?imwidth=392"
  },
  {
    "categoria": "Batidos y horchatas",
    "nombre": "Batido de fresa Dia lactea brik 6 x 200 ml",
    "precio_unitario": "1,55 €",
    "precio_por_unidad": "(1,29 €/L)",
    "imagen": "https://www.dia.es/product_images/134753/134753_ISO_0_ES.jpg?imwidth=392"
  },
  {
    "categoria": "Batidos y horchatas",
    "nombre": "Batido al cacao Dia botella 1 l",
    "precio_unitario": "1,19 €",
    "precio_por_unidad": "(1,19 €/L)",
    "imagen": "https://www.dia.es/product_images/1269/1269_ISO_0_ES.jpg?imwidth=392"
  },
  {
    "categoria": "Batidos y horchatas",
    "nombre": "Batido de chocolate Puleva brik 6 x 200 ml",
    "precio_unitario": "2,75 €",
    "precio_por_unidad": "(2,29 €/L)",
    "imagen": "https://www.dia.es/product_images/81206/81206_ISO_0_ES.jpg?imwidth=392"
  },
  {
    "categoria": "Batidos y horchatas",
    "nombre": "Batido de vainilla Dia lactea brik 6 x 200 ml",
    "precio_unitario": "1,55 €",
    "precio_por_unidad": "(1,29 €/L)",
    "imagen": "https://www.dia.es/product_images/134754/134754_ISO_0_ES.jpg?imwidth=392"
  },
  {
    "categoria": "Batidos y horchatas",
    "nombre": "Batido de cacao energy Colacao botella 4 x 188 ml",
    "precio_unitario": "2,65 €",
    "precio_por_unidad": "(3,52 €/L)",
    "imagen": "https://www.dia.es/product_images/295078/295078_ISO_0_ES.jpg?imwidth=392"
  },
  {
    "categoria": "Batidos y horchatas",
    "nombre": "Batido de chocolate Puleva botella 1 l",
    "precio_unitario": "2,05 €",
    "precio_por_unidad": "(2,05 €/L)",
    "imagen": "https://www.dia.es/product_images/36169/36169_ISO_0_ES.jpg?imwidth=392"
  },
  {
    "categoria": "Batidos y horchatas",
    "nombre": "Batido de chocolate 0% sin azúcar añadido Cacaolat botella 1 l",
    "precio_unitario": "2,50 €",
    "precio_por_unidad": "(2,50 €/L)",
    "imagen": "https://www.dia.es/product_images/211527/211527_ISO_0_ES.jpg?imwidth=392"
  },
  {
    "categoria": "Batidos y horchatas",
    "nombre": "Batido de chocolate Cacaolat botella 1 l",
    "precio_unitario": "2,40 €",
    "precio_por_unidad": "(2,40 €/L)",
    "imagen": "https://www.dia.es/product_images/1914/1914_ISO_0_ES.jpg?imwidth=392"
  },
  {
    "categoria": "Batidos y horchatas",
    "nombre": "Café con leche Puleva botella 1 l",
    "precio_unitario": "2,19 €",
    "precio_por_unidad": "(2,19 €/L)",
    "imagen": "https://www.dia.es/product_images/284686/284686_ISO_0_ES.jpg?imwidth=392"
  },
  {
    "categoria": "Batidos y horchatas",
    "nombre": "Batido de chocolate enriquecido con proteínas Valio botella 260 g",
    "precio_unitario": "2,25 €",
    "precio_por_unidad": "(8,65 €/kg)",
    "imagen": "https://www.dia.es/product_images/266614/266614_ISO_0_ES.jpg?imwidth=392"
  },
  {
    "categoria": "Batidos y horchatas",
    "nombre": "Batido de chocolate sin lactosa Puleva brik 6 x 200 ml",
    "precio_unitario": "2,99 €",
    "precio_por_unidad": "(2,49 €/L)",
    "imagen": "https://www.dia.es/product_images/241808/241808_ISO_0_ES.jpg?imwidth=392"
  },
  {
    "categoria": "Batidos y horchatas",
    "nombre": "Batido de chocolate shake ColaCao vaso 200 ml",
    "precio_unitario": "1,56 €",
    "precio_por_unidad": "(7,80 €/L)",
    "imagen": "https://www.dia.es/product_images/231636/231636_ISO_0_ES.jpg?imwidth=392"
  },
  {
    "categoria": "Nata",
    "nombre": "Nata para cocinar culinaria Dia lactea brik 3 x 200 ml",
    "precio_unitario": "1,75 €",
    "precio_por_unidad": "(2,92 €/L)",
    "imagen": "https://www.dia.es/product_images/145042/145042_ISO_0_ES.jpg?imwidth=392"
  },
  {
    "categoria": "Nata",
    "nombre": "Nata para cocinar 15% m.g Dia Láctea brik 500 ml",
    "precio_unitario": "1,45 €",
    "precio_por_unidad": "(2,90 €/L)",
    "imagen": "https://www.dia.es/product_images/294393/294393_ISO_0_ES.jpg?imwidth=392"
  },
  {
    "categoria": "Nata",
    "nombre": "Nata para montar Dia lactea brik 3 x 200 ml",
    "precio_unitario": "2,19 €",
    "precio_por_unidad": "(3,65 €/L)",
    "imagen": "https://www.dia.es/product_images/145041/145041_ISO_0_ES.jpg?imwidth=392"
  },
  {
    "categoria": "Nata",
    "nombre": "Nata montada azucarada Central Lechera Asturiana spray 250 g",
    "precio_unitario": "2,75 €",
    "precio_por_unidad": "(11,00 €/kg)",
    "imagen": "https://www.dia.es/product_images/5691/5691_ISO_0_ES.jpg?imwidth=392"
  },
  {
    "categoria": "Nata",
    "nombre": "Leche evaporada Ideal brik 525 g",
    "precio_unitario": "2,44 €",
    "precio_por_unidad": "(4,65 €/kg)",
    "imagen": "https://www.dia.es/product_images/163643/163643_ISO_0_ES.jpg?imwidth=392"
  },
  {
    "categoria": "Nata",
    "nombre": "Nata para cocinar Central Lechera Asturiana brik 500 ml",
    "precio_unitario": "2,75 €",
    "precio_por_unidad": "(5,50 €/L)",
    "imagen": "https://www.dia.es/product_images/56937/56937_ISO_0_ES.jpg?imwidth=392"
  },
  {
    "categoria": "Nata",
    "nombre": "Nata para montar Central Lechera Asturiana brik 500 ml",
    "precio_unitario": "2,75 €",
    "precio_por_unidad": "(5,50 €/L)",
    "imagen": "https://www.dia.es/product_images/53765/53765_ISO_0_ES.jpg?imwidth=392"
  },
  {
    "categoria": "Nata",
    "nombre": "Nata para cocinar Puleva brik 200 ml",
    "precio_unitario": "1,66 €",
    "precio_por_unidad": "(8,30 €/L)",
    "imagen": "https://www.dia.es/product_images/72878/72878_ISO_0_ES.jpg?imwidth=392"
  },
  {
    "categoria": "Nata",
    "nombre": "Nata para montar Central Lechera Asturiana brik 1 l",
    "precio_unitario": "4,75 €",
    "precio_por_unidad": "(4,75 €/L)",
    "imagen": "https://www.dia.es/product_images/145492/145492_ISO_0_ES.jpg?imwidth=392"
  },
  {
    "categoria": "Nata",
    "nombre": "Leche evaporada sin lactosa Ideal brik 525 g",
    "precio_unitario": "3,05 €",
    "precio_por_unidad": "(5,81 €/kg)",
    "imagen": "https://www.dia.es/product_images/239520/239520_ISO_0_ES.jpg?imwidth=392"
  },
  {
    "categoria": "Huevos",
    "nombre": "Huevos frescos categoría A clase L Dia bandeja 12 unidades",
    "precio_unitario": "2,31 €",
    "precio_por_unidad": "(2,31 €/dc)",
    "imagen": "https://www.dia.es/product_images/14635/14635_ISO_0_ES.jpg?imwidth=392"
  },
  {
    "categoria": "Huevos",
    "nombre": "Huevos frescos categoría A clase M Dia bandeja 24 unidades",
    "precio_unitario": "3,88 €",
    "precio_por_unidad": "(1,94 €/dc)",
    "imagen": "https://www.dia.es/product_images/274009/274009_ISO_0_ES.jpg?imwidth=392"
  },
  {
    "categoria": "Huevos",
    "nombre": "Huevos frescos categoría A clase M Dia bandeja 12 unidades",
    "precio_unitario": "2,06 €",
    "precio_por_unidad": "(2,06 €/dc)",
    "imagen": "https://www.dia.es/product_images/14636/14636_ISO_0_ES.jpg?imwidth=392"
  },
  {
    "categoria": "Huevos",
    "nombre": "Huevos frescos categoría A clase XL Dia bandeja 6 unidades",
    "precio_unitario": "1,72 €",
    "precio_por_unidad": "(3,44 €/dc)",
    "imagen": "https://www.dia.es/product_images/47459/47459_ISO_0_ES.jpg?imwidth=392"
  },
  {
    "categoria": "Huevos",
    "nombre": "Huevos camperos categoría A clase M/L Dia bandeja 10 unidades",
    "precio_unitario": "2,54 €",
    "precio_por_unidad": "(3,05 €/dc)",
    "imagen": "https://www.dia.es/product_images/274540/274540_ISO_0_ES.jpg?imwidth=392"
  },
  {
    "categoria": "Huevos",
    "nombre": "Huevos frescos de gallinas criadas en suelo categoría A clase M/L Dia bandeja 12 unidades",
    "precio_unitario": "2,50 €",
    "precio_por_unidad": "(2,50 €/dc)",
    "imagen": "https://www.dia.es/product_images/274011/274011_ISO_0_ES.jpg?imwidth=392"
  },
  {
    "categoria": "Huevos",
    "nombre": "Huevos ecológicos categoría A clase M/L Dia bandeja 6 unidades",
    "precio_unitario": "2,54 €",
    "precio_por_unidad": "(5,08 €/dc)",
    "imagen": "https://www.dia.es/product_images/274541/274541_ISO_0_ES.jpg?imwidth=392"
  },
  {
    "categoria": "Huevos",
    "nombre": "Huevos frescos maíz categoría A clase M/L Grupo de lucas caja 12 unidades",
    "precio_unitario": "2,91 €",
    "precio_por_unidad": "(2,91 €/dc)",
    "imagen": "https://www.dia.es/product_images/135425/135425_ISO_0_ES.jpg?imwidth=392"
  },
  {
    "categoria": "Huevos",
    "nombre": "Claras de huevo pasteurizadas Ovonatur botella 500 ml",
    "precio_unitario": "1,95 €",
    "precio_por_unidad": "(3,90 €/L)",
    "imagen": "https://www.dia.es/product_images/230337/230337_ISO_0_ES.jpg?imwidth=392"
  },
  {
    "categoria": "Mantequilla y margarina",
    "nombre": "Mantequilla sin sal Dia Láctea 250 g",
    "precio_unitario": "2,39 €",
    "precio_por_unidad": "(9,56 €/kg)",
    "imagen": "https://www.dia.es/product_images/268201/268201_ISO_0_ES.jpg?imwidth=392"
  },
  {
    "categoria": "Mantequilla y margarina",
    "nombre": "Mantequilla con sal Dia Láctea 250 g",
    "precio_unitario": "2,39 €",
    "precio_por_unidad": "(9,56 €/kg)",
    "imagen": "https://www.dia.es/product_images/268200/268200_ISO_0_ES.jpg?imwidth=392"
  },
  {
    "categoria": "Mantequilla y margarina",
    "nombre": "Mantequilla tradicional Central Lechera Asturiana tarrina 250 g",
    "precio_unitario": "3,55 €",
    "precio_por_unidad": "(14,20 €/kg)",
    "imagen": "https://www.dia.es/product_images/53766/53766_ISO_0_ES.jpg?imwidth=392"
  },
  {
    "categoria": "Mantequilla y margarina",
    "nombre": "Mantequilla ligera fácil de untar Central Lechera Asturiana tarrina 250 g",
    "precio_unitario": "3,65 €",
    "precio_por_unidad": "(14,60 €/kg)",
    "imagen": "https://www.dia.es/product_images/187554/187554_ISO_0_ES.jpg?imwidth=392"
  },
  {
    "categoria": "Mantequilla y margarina",
    "nombre": "Margarina Tulipán tarrina 400 g",
    "precio_unitario": "2,69 €",
    "precio_por_unidad": "(6,73 €/kg)",
    "imagen": "https://www.dia.es/product_images/275561/275561_ISO_0_ES.jpg?imwidth=392"
  },
  {
    "categoria": "Mantequilla y margarina",
    "nombre": "Margarina vitaminada con sal Diasol tarrina 500 g",
    "precio_unitario": "1,45 €",
    "precio_por_unidad": "(2,90 €/kg)",
    "imagen": "https://www.dia.es/product_images/55576/55576_ISO_0_ES.jpg?imwidth=392"
  },
  {
    "categoria": "Mantequilla y margarina",
    "nombre": "Margarina ligera Diasol tarrina 500 g",
    "precio_unitario": "1,40 €",
    "precio_por_unidad": "(2,80 €/kg)",
    "imagen": "https://www.dia.es/product_images/55574/55574_ISO_0_ES.jpg?imwidth=392"
  },
  {
    "categoria": "Mantequilla y margarina",
    "nombre": "Margarina vitaminada Diasol tarrina 500 g",
    "precio_unitario": "1,45 €",
    "precio_por_unidad": "(2,90 €/kg)",
    "imagen": "https://www.dia.es/product_images/55575/55575_ISO_0_ES.jpg?imwidth=392"
  },
  {
    "categoria": "Mantequilla y margarina",
    "nombre": "Mantequilla con sal Dia Láctea tarrina 250 g",
    "precio_unitario": "2,60 €",
    "precio_por_unidad": "(10,40 €/kg)",
    "imagen": "https://www.dia.es/product_images/270690/270690_ISO_0_ES.jpg?imwidth=392"
  },
  {
    "categoria": "Mantequilla y margarina",
    "nombre": "Margarina con sal Tulipán tarrina 400 g",
    "precio_unitario": "2,69 €",
    "precio_por_unidad": "(6,73 €/kg)",
    "imagen": "https://www.dia.es/product_images/275563/275563_ISO_0_ES.jpg?imwidth=392"
  },
  {
    "categoria": "Mantequilla y margarina",
    "nombre": "Margarina Natacha tarrina 450 g",
    "precio_unitario": "1,49 €",
    "precio_por_unidad": "(3,31 €/kg)",
    "imagen": "https://www.dia.es/product_images/189288/189288_ISO_0_ES.jpg?imwidth=392"
  },
  {
    "categoria": "Mantequilla y margarina",
    "nombre": "Margarina con un toque de aceite de oliva Flora tarrina 225 g",
    "precio_unitario": "1,99 €",
    "precio_por_unidad": "(8,84 €/kg)",
    "imagen": "https://www.dia.es/product_images/278909/278909_ISO_0_ES.jpg?imwidth=392"
  },
  {
    "categoria": "Mantequilla y margarina",
    "nombre": "Margarina rica en omega 3 Flora tarrina 400 g",
    "precio_unitario": "2,95 €",
    "precio_por_unidad": "(7,38 €/kg)",
    "imagen": "https://www.dia.es/product_images/278898/278898_ISO_0_ES.jpg?imwidth=392"
  },
  {
    "categoria": "Mantequilla y margarina",
    "nombre": "Margarina Proactiv tarrina 225 g",
    "precio_unitario": "2,95 €",
    "precio_por_unidad": "(13,11 €/kg)",
    "imagen": "https://www.dia.es/product_images/65292/65292_ISO_0_ES.jpg?imwidth=392"
  },
  {
    "categoria": "Mantequilla y margarina",
    "nombre": "Mantequilla tradicional en rulo Central Lechera Asturiana 500 g",
    "precio_unitario": "6,15 €",
    "precio_por_unidad": "(12,30 €/kg)",
    "imagen": "https://www.dia.es/product_images/271001/271001_ISO_0_ES.jpg?imwidth=392"
  },
  {
    "categoria": "Mantequilla y margarina",
    "nombre": "Mantequilla tradicional con sal Central Lechera Asturiana tarrina 250 g",
    "precio_unitario": "3,55 €",
    "precio_por_unidad": "(14,20 €/kg)",
    "imagen": "https://www.dia.es/product_images/180474/180474_ISO_0_ES.jpg?imwidth=392"
  },
  {
    "categoria": "Mantequilla y margarina",
    "nombre": "Mantequilla ligera sin lactosa Central Lechera Asturiana tarrina 250 g",
    "precio_unitario": "3,65 €",
    "precio_por_unidad": "(14,60 €/kg)",
    "imagen": "https://www.dia.es/product_images/216865/216865_ISO_0_ES.jpg?imwidth=392"
  },
  {
    "categoria": "Café",
    "nombre": "Café molido mezcla Cafetería de Dia bolsa 2 x 250 g",
    "precio_unitario": "4,45 €",
    "precio_por_unidad": "(8,90 €/kg)",
    "imagen": "https://www.dia.es/product_images/120826/120826_ISO_0_ES.jpg?imwidth=392"
  },
  {
    "categoria": "Café",
    "nombre": "Café molido natural Cafetería de Dia bolsa 2 x 250 g",
    "precio_unitario": "4,45 €",
    "precio_por_unidad": "(8,90 €/kg)",
    "imagen": "https://www.dia.es/product_images/218159/218159_ISO_0_ES.jpg?imwidth=392"
  },
  {
    "categoria": "Café",
    "nombre": "Café soluble clásico Cafetería de Dia frasco 200 g",
    "precio_unitario": "3,49 €",
    "precio_por_unidad": "(17,45 €/kg)",
    "imagen": "https://www.dia.es/product_images/34615/34615_ISO_0_ES.jpg?imwidth=392"
  },
  {
    "categoria": "Café",
    "nombre": "Café con leche en cápsulas Cafetería de Dia caja 16 unidades",
    "precio_unitario": "3,10 €",
    "precio_por_unidad": "(0,19 €/ud)",
    "imagen": "https://www.dia.es/product_images/202760/202760_ISO_0_ES.jpg?imwidth=392"
  },
  {
    "categoria": "Café",
    "nombre": "Café molido mezcla intensa La estrella bolsa 250 g",
    "precio_unitario": "2,75 €",
    "precio_por_unidad": "(11,00 €/kg)",
    "imagen": "https://www.dia.es/product_images/70573/70573_ISO_0_ES.jpg?imwidth=392"
  },
  {
    "categoria": "Café",
    "nombre": "Café en cápsulas espresso intenso Arom'arte de Dia caja 20 unidades",
    "precio_unitario": "3,95 €",
    "precio_por_unidad": "(0,20 €/ud)",
    "imagen": "https://www.dia.es/product_images/273821/273821_ISO_0_ES.jpg?imwidth=392"
  },
  {
    "categoria": "Café",
    "nombre": "Café molido mezcla Saimaza bolsa 250 g",
    "precio_unitario": "3,25 €",
    "precio_por_unidad": "(13,00 €/kg)",
    "imagen": "https://www.dia.es/product_images/245/245_ISO_0_ES.jpg?imwidth=392"
  },
  {
    "categoria": "Café",
    "nombre": "Café soluble natural Nescafé frasco 200 g",
    "precio_unitario": "6,65 €",
    "precio_por_unidad": "(33,25 €/kg)",
    "imagen": "https://www.dia.es/product_images/234/234_ISO_0_ES.jpg?imwidth=392"
  },
  {
    "categoria": "Café",
    "nombre": "Café molido natural Bonka paquete 250 g",
    "precio_unitario": "3,19 €",
    "precio_por_unidad": "(12,76 €/kg)",
    "imagen": "https://www.dia.es/product_images/119950/119950_ISO_0_ES.jpg?imwidth=392"
  },
  {
    "categoria": "Café",
    "nombre": "Café molido natural descafeinado Cafetería de Dia paquete 250 g",
    "precio_unitario": "2,45 €",
    "precio_por_unidad": "(9,80 €/kg)",
    "imagen": "https://www.dia.es/product_images/1161/1161_ISO_0_ES.jpg?imwidth=392"
  },
  {
    "categoria": "Café",
    "nombre": "Café soluble descafeinado Cafetería de Dia frasco 200 g",
    "precio_unitario": "3,99 €",
    "precio_por_unidad": "(19,95 €/kg)",
    "imagen": "https://www.dia.es/product_images/230/230_ISO_0_ES.jpg?imwidth=392"
  },
  {
    "categoria": "Café",
    "nombre": "Café en cápsulas espresso extra intenso Arom'arte de Dia caja 20 unidades",
    "precio_unitario": "3,95 €",
    "precio_por_unidad": "(0,20 €/ud)",
    "imagen": "https://www.dia.es/product_images/273823/273823_ISO_0_ES.jpg?imwidth=392"
  },
  {
    "categoria": "Café",
    "nombre": "Café molido mezcla gran aroma Marcilla bolsa 500 g",
    "precio_unitario": "6,99 €",
    "precio_por_unidad": "(13,98 €/kg)",
    "imagen": "https://www.dia.es/product_images/216520/216520_ISO_0_ES.jpg?imwidth=392"
  },
  {
    "categoria": "Café",
    "nombre": "Café en cápsulas espresso intenso Nescafé Dolce Gusto caja 16 unidades",
    "precio_unitario": "4,89 €",
    "precio_por_unidad": "(0,31 €/ud)",
    "imagen": "https://www.dia.es/product_images/86874/86874_ISO_0_ES.jpg?imwidth=392"
  },
  {
    "categoria": "Café",
    "nombre": "Café en cápsulas lungo Cafetería de Dia caja 16 unidades",
    "precio_unitario": "3,10 €",
    "precio_por_unidad": "(0,19 €/ud)",
    "imagen": "https://www.dia.es/product_images/221654/221654_ISO_0_ES.jpg?imwidth=392"
  },
  {
    "categoria": "Café",
    "nombre": "Café molido natural crema e gusto Lavazza bolsa 250 g",
    "precio_unitario": "4,35 €",
    "precio_por_unidad": "(17,40 €/kg)",
    "imagen": "https://www.dia.es/product_images/173960/173960_ISO_0_ES.jpg?imwidth=392"
  },
  {
    "categoria": "Café",
    "nombre": "Café molido mezcla descafeinado Cafetería de Dia paquete 250 g",
    "precio_unitario": "2,45 €",
    "precio_por_unidad": "(9,80 €/kg)",
    "imagen": "https://www.dia.es/product_images/1160/1160_ISO_0_ES.jpg?imwidth=392"
  },
  {
    "categoria": "Café",
    "nombre": "Café con leche en cápsulas Nescafé Dolce Gusto caja 30 unidades",
    "precio_unitario": "8,25 €",
    "precio_por_unidad": "(0,28 €/ud)",
    "imagen": "https://www.dia.es/product_images/255048/255048_ISO_0_ES.jpg?imwidth=392"
  },
  {
    "categoria": "Café",
    "nombre": "Café molido natural Saimaza bolsa 250 g",
    "precio_unitario": "3,25 €",
    "precio_por_unidad": "(13,00 €/kg)",
    "imagen": "https://www.dia.es/product_images/288/288_ISO_0_ES.jpg?imwidth=392"
  },
  {
    "categoria": "Café",
    "nombre": "Café en cápsulas espresso descafeinado Arom'arte de Dia caja 20 unidades",
    "precio_unitario": "3,95 €",
    "precio_por_unidad": "(0,20 €/ud)",
    "imagen": "https://www.dia.es/product_images/273825/273825_ISO_0_ES.jpg?imwidth=392"
  },
  {
    "categoria": "Cacao",
    "nombre": "Soluble al cacao Temptation de Dia bote 900 g",
    "precio_unitario": "3,40 €",
    "precio_por_unidad": "(3,78 €/kg)",
    "imagen": "https://www.dia.es/product_images/238/238_ISO_0_ES.jpg?imwidth=392"
  },
  {
    "categoria": "Cacao",
    "nombre": "Cacao soluble instantáneo Nesquik bote 390 g",
    "precio_unitario": "3,79 €",
    "precio_por_unidad": "(9,72 €/kg)",
    "imagen": "https://www.dia.es/product_images/204/204_ISO_0_ES.jpg?imwidth=392"
  },
  {
    "categoria": "Cacao",
    "nombre": "Cacao soluble ColaCao bote 383 g",
    "precio_unitario": "3,79 €",
    "precio_por_unidad": "(9,90 €/kg)",
    "imagen": "https://www.dia.es/product_images/64150/64150_ISO_0_ES.jpg?imwidth=392"
  },
  {
    "categoria": "Cacao",
    "nombre": "Soluble al cacao Temptation de Dia bote 500 g",
    "precio_unitario": "2,59 €",
    "precio_por_unidad": "(5,18 €/kg)",
    "imagen": "https://www.dia.es/product_images/237/237_ISO_0_ES.jpg?imwidth=392"
  },
  {
    "categoria": "Cacao",
    "nombre": "Cacao en polvo Temptation de Dia bolsa 400 g",
    "precio_unitario": "1,99 €",
    "precio_por_unidad": "(4,98 €/kg)",
    "imagen": "https://www.dia.es/product_images/3053/3053_ISO_0_ES.jpg?imwidth=392"
  },
  {
    "categoria": "Cacao",
    "nombre": "Cacao instantáneo Nesquik bolsa 1.2 Kg",
    "precio_unitario": "7,89 €",
    "precio_por_unidad": "(6,58 €/kg)",
    "imagen": "https://www.dia.es/product_images/188952/188952_ISO_0_ES.jpg?imwidth=392"
  },
  {
    "categoria": "Cacao",
    "nombre": "Cacao soluble ColaCao caja 2.5 Kg",
    "precio_unitario": "15,99 €",
    "precio_por_unidad": "(6,40 €/kg)",
    "imagen": "https://www.dia.es/product_images/27083/27083_ISO_0_ES.jpg?imwidth=392"
  },
  {
    "categoria": "Cacao",
    "nombre": "Cacao instantáneo Nesquik estuche 2 Kg",
    "precio_unitario": "11,19 €",
    "precio_por_unidad": "(5,60 €/kg)",
    "imagen": "https://www.dia.es/product_images/6196/6196_ISO_0_ES.jpg?imwidth=392"
  },
  {
    "categoria": "Cacao",
    "nombre": "Cacao puro 100% natural Valor bote 250 g",
    "precio_unitario": "4,85 €",
    "precio_por_unidad": "(19,40 €/kg)",
    "imagen": "https://www.dia.es/product_images/275800/275800_ISO_0_ES.jpg?imwidth=392"
  },
  {
    "categoria": "Cacao",
    "nombre": "Soluble al cacao Temptation de Dia bolsa 1.5 Kg",
    "precio_unitario": "5,99 €",
    "precio_por_unidad": "(3,99 €/kg)",
    "imagen": "https://www.dia.es/product_images/57965/57965_ISO_0_ES.jpg?imwidth=392"
  },
  {
    "categoria": "Cacao",
    "nombre": "Cacao soluble ColaCao bote 760 g",
    "precio_unitario": "6,49 €",
    "precio_por_unidad": "(8,54 €/kg)",
    "imagen": "https://www.dia.es/product_images/161437/161437_ISO_0_ES.jpg?imwidth=392"
  },
  {
    "categoria": "Cacao",
    "nombre": "Soluble al cacao instantáneo Temptation de Dia bote 800 g",
    "precio_unitario": "3,85 €",
    "precio_por_unidad": "(4,81 €/kg)",
    "imagen": "https://www.dia.es/product_images/284307/284307_ISO_0_ES.jpg?imwidth=392"
  },
  {
    "categoria": "Cacao",
    "nombre": "Cacao soluble instantáneo Nesquik lata 700 g",
    "precio_unitario": "5,99 €",
    "precio_por_unidad": "(8,56 €/kg)",
    "imagen": "https://www.dia.es/product_images/283403/283403_ISO_0_ES.jpg?imwidth=392"
  },
  {
    "categoria": "Cacao",
    "nombre": "Cacao soluble ColaCao bote 1.2 Kg",
    "precio_unitario": "9,49 €",
    "precio_por_unidad": "(7,91 €/kg)",
    "imagen": "https://www.dia.es/product_images/16255/16255_ISO_0_ES.jpg?imwidth=392"
  },
  {
    "categoria": "Cacao",
    "nombre": "Cacao soluble 0% azúcares añadidos ColaCao bote 325 g",
    "precio_unitario": "4,29 €",
    "precio_por_unidad": "(13,20 €/kg)",
    "imagen": "https://www.dia.es/product_images/223308/223308_ISO_0_ES.jpg?imwidth=392"
  },
  {
    "categoria": "Cacao",
    "nombre": "Cacao puro en polvo Valor bote 250 g",
    "precio_unitario": "4,95 €",
    "precio_por_unidad": "(19,80 €/kg)",
    "imagen": "https://www.dia.es/product_images/169734/169734_ISO_0_ES.jpg?imwidth=392"
  },
  {
    "categoria": "Cacao",
    "nombre": "Cacao soluble original ColaCao caja 4.45 Kg",
    "precio_unitario": "24,99 €",
    "precio_por_unidad": "(5,62 €/kg)",
    "imagen": "https://www.dia.es/product_images/282762/282762_ISO_0_ES.jpg?imwidth=392"
  },
  {
    "categoria": "Cacao",
    "nombre": "Cacao soluble instantáneo 0% azúcares Nesquik bote 320 g",
    "precio_unitario": "4,69 €",
    "precio_por_unidad": "(14,66 €/kg)",
    "imagen": "https://www.dia.es/product_images/279423/279423_ISO_0_ES.jpg?imwidth=392"
  },
  {
    "categoria": "Cacao",
    "nombre": "Cacao soluble Patrulla Canina Bombón Sport bolsa 1 Kg",
    "precio_unitario": "4,99 €",
    "precio_por_unidad": "(4,99 €/kg)",
    "imagen": "https://www.dia.es/product_images/197253/197253_ISO_0_ES.jpg?imwidth=392"
  },
  {
    "categoria": "Cacao",
    "nombre": "Perlitas de chocolate blanco Dr. Oetker bolsa 100 g",
    "precio_unitario": "2,59 €",
    "precio_por_unidad": "(25,90 €/kg)",
    "imagen": "https://www.dia.es/product_images/303681/303681_ISO_0_ES.jpg?imwidth=392"
  },
  {
    "categoria": "Cacao",
    "nombre": "Cacao soluble intenso 70% Nesquik bote 300 g",
    "precio_unitario": "4,69 €",
    "precio_por_unidad": "(15,63 €/kg)",
    "imagen": "https://www.dia.es/product_images/279074/279074_ISO_0_ES.jpg?imwidth=392"
  },
  {
    "categoria": "Cacao",
    "nombre": "Cacao soluble instantáneo turbo ColaCao bote 750 g",
    "precio_unitario": "6,49 €",
    "precio_por_unidad": "(8,65 €/kg)",
    "imagen": "https://www.dia.es/product_images/204563/204563_ISO_0_ES.jpg?imwidth=392"
  },
  {
    "categoria": "Cacao",
    "nombre": "Cacao soluble instantáneo extra choc Nesquik bote 390 g",
    "precio_unitario": "4,19 €",
    "precio_por_unidad": "(10,74 €/kg)",
    "imagen": "https://www.dia.es/product_images/163209/163209_ISO_0_ES.jpg?imwidth=392"
  },
  {
    "categoria": "Cacao",
    "nombre": "Cacao soluble instantáneo noche Nesquik bote 400 g",
    "precio_unitario": "4,69 €",
    "precio_por_unidad": "(11,73 €/kg)",
    "imagen": "https://www.dia.es/product_images/14747/14747_ISO_0_ES.jpg?imwidth=392"
  },
  {
    "categoria": "Té e infusiones",
    "nombre": "Manzanilla Tetería de Dia caja 25 unidades",
    "precio_unitario": "0,69 €",
    "precio_por_unidad": "(0,03 €/ud)",
    "imagen": "https://www.dia.es/product_images/1527/1527_ISO_0_ES.jpg?imwidth=392"
  },
  {
    "categoria": "Té e infusiones",
    "nombre": "Infusión buenas noches Tetería de Dia caja 25 unidades",
    "precio_unitario": "1,00 €",
    "precio_por_unidad": "(0,04 €/ud)",
    "imagen": "https://www.dia.es/product_images/110225/110225_ISO_0_ES.jpg?imwidth=392"
  },
  {
    "categoria": "Té e infusiones",
    "nombre": "Infusión de jengibre con limón Tetería de Dia caja 25 unidades",
    "precio_unitario": "1,40 €",
    "precio_por_unidad": "(0,06 €/ud)",
    "imagen": "https://www.dia.es/product_images/295423/295423_ISO_0_ES.jpg?imwidth=392"
  },
  {
    "categoria": "Té e infusiones",
    "nombre": "Infusión poleo menta Tetería de Dia caja 25 unidades",
    "precio_unitario": "0,81 €",
    "precio_por_unidad": "(0,03 €/ud)",
    "imagen": "https://www.dia.es/product_images/295421/295421_ISO_0_ES.jpg?imwidth=392"
  },
  {
    "categoria": "Té e infusiones",
    "nombre": "Té verde Tetería de Dia caja 25 unidades",
    "precio_unitario": "0,94 €",
    "precio_por_unidad": "(0,04 €/ud)",
    "imagen": "https://www.dia.es/product_images/295425/295425_ISO_0_ES.jpg?imwidth=392"
  },
  {
    "categoria": "Té e infusiones",
    "nombre": "Té negro sabor vainilla y caramelo Tetería de Dia caja 12 unidades",
    "precio_unitario": "1,89 €",
    "precio_por_unidad": "(0,16 €/ud)",
    "imagen": "https://www.dia.es/product_images/286149/286149_ISO_0_ES.jpg?imwidth=392"
  },
  {
    "categoria": "Té e infusiones",
    "nombre": "Té negro Tetería de Dia caja 25 unidades",
    "precio_unitario": "0,90 €",
    "precio_por_unidad": "(0,04 €/ud)",
    "imagen": "https://www.dia.es/product_images/295422/295422_ISO_0_ES.jpg?imwidth=392"
  },
  {
    "categoria": "Té e infusiones",
    "nombre": "Té verde con hierbabuena Tetería de Dia caja 25 unidades",
    "precio_unitario": "1,55 €",
    "precio_por_unidad": "(0,06 €/ud)",
    "imagen": "https://www.dia.es/product_images/296228/296228_ISO_0_ES.jpg?imwidth=392"
  },
  {
    "categoria": "Té e infusiones",
    "nombre": "Infusión de cúrcuma con té matcha Hornimans caja 20 unidades",
    "precio_unitario": "2,79 €",
    "precio_por_unidad": "(0,14 €/ud)",
    "imagen": "https://www.dia.es/product_images/268924/268924_ISO_0_ES.jpg?imwidth=392"
  },
  {
    "categoria": "Té e infusiones",
    "nombre": "Infusión tila Tetería de Dia caja 25 unidades",
    "precio_unitario": "1,06 €",
    "precio_por_unidad": "(0,04 €/ud)",
    "imagen": "https://www.dia.es/product_images/295467/295467_ISO_0_ES.jpg?imwidth=392"
  },
  {
    "categoria": "Té e infusiones",
    "nombre": "Manzanilla con anís Tetería de Dia caja 40 unidades",
    "precio_unitario": "1,75 €",
    "precio_por_unidad": "(0,04 €/ud)",
    "imagen": "https://www.dia.es/product_images/177847/177847_ISO_0_ES.jpg?imwidth=392"
  },
  {
    "categoria": "Té e infusiones",
    "nombre": "Infusión quema-grasa Pompadour caja 20 unidades",
    "precio_unitario": "2,79 €",
    "precio_por_unidad": "(0,14 €/ud)",
    "imagen": "https://www.dia.es/product_images/267623/267623_ISO_0_ES.jpg?imwidth=392"
  },
  {
    "categoria": "Té e infusiones",
    "nombre": "Té rojo aromatizado Tetería de Dia caja 25 unidades",
    "precio_unitario": "1,25 €",
    "precio_por_unidad": "(0,05 €/ud)",
    "imagen": "https://www.dia.es/product_images/295424/295424_ISO_0_ES.jpg?imwidth=392"
  },
  {
    "categoria": "Té e infusiones",
    "nombre": "Infusión digestiva Tetería de Dia caja 25 unidades",
    "precio_unitario": "1,25 €",
    "precio_por_unidad": "(0,05 €/ud)",
    "imagen": "https://www.dia.es/product_images/110226/110226_ISO_0_ES.jpg?imwidth=392"
  },
  {
    "categoria": "Té e infusiones",
    "nombre": "Frutos rojos con hibisco Tetería de Dia caja 12 unidades",
    "precio_unitario": "1,89 €",
    "precio_por_unidad": "(0,16 €/ud)",
    "imagen": "https://www.dia.es/product_images/286150/286150_ISO_0_ES.jpg?imwidth=392"
  },
  {
    "categoria": "Té e infusiones",
    "nombre": "Infusión cola de caballo Pompadour caja 20 unidades",
    "precio_unitario": "2,79 €",
    "precio_por_unidad": "(0,14 €/ud)",
    "imagen": "https://www.dia.es/product_images/188331/188331_ISO_0_ES.jpg?imwidth=392"
  },
  {
    "categoria": "Té e infusiones",
    "nombre": "Té classic Hornimans caja 40 unidades",
    "precio_unitario": "2,99 €",
    "precio_por_unidad": "(0,07 €/ud)",
    "imagen": "https://www.dia.es/product_images/240824/240824_ISO_0_ES.jpg?imwidth=392"
  },
  {
    "categoria": "Té e infusiones",
    "nombre": "Infusión delgaxan fibra Pompadour caja 20 unidades",
    "precio_unitario": "2,79 €",
    "precio_por_unidad": "(0,14 €/ud)",
    "imagen": "https://www.dia.es/product_images/286955/286955_ISO_0_ES.jpg?imwidth=392"
  },
  {
    "categoria": "Té e infusiones",
    "nombre": "Infusión manzanilla Hornimans caja 40 unidades",
    "precio_unitario": "2,99 €",
    "precio_por_unidad": "(0,07 €/ud)",
    "imagen": "https://www.dia.es/product_images/240822/240822_ISO_0_ES.jpg?imwidth=392"
  },
  {
    "categoria": "Té e infusiones",
    "nombre": "Infusión laxsana sabor ciruela Susaron caja 20 unidades",
    "precio_unitario": "2,99 €",
    "precio_por_unidad": "(0,15 €/ud)",
    "imagen": "https://www.dia.es/product_images/151388/151388_ISO_0_ES.jpg?imwidth=392"
  },
  {
    "categoria": "Té e infusiones",
    "nombre": "Infusión duerme bien Pompadour caja 20 unidades",
    "precio_unitario": "2,79 €",
    "precio_por_unidad": "(0,14 €/ud)",
    "imagen": "https://www.dia.es/product_images/82409/82409_ISO_0_ES.jpg?imwidth=392"
  },
  {
    "categoria": "Té e infusiones",
    "nombre": "Infusión tranquilidad Compañía de las Indias caja 20 unidades",
    "precio_unitario": "2,29 €",
    "precio_por_unidad": "(0,11 €/ud)",
    "imagen": "https://www.dia.es/product_images/56818/56818_ISO_0_ES.jpg?imwidth=392"
  },
  {
    "categoria": "Té e infusiones",
    "nombre": "Té rojo con anís y un toque de ciruela Hornimans caja 20 unidades",
    "precio_unitario": "2,79 €",
    "precio_por_unidad": "(0,14 €/ud)",
    "imagen": "https://www.dia.es/product_images/41701/41701_ISO_0_ES.jpg?imwidth=392"
  },
  {
    "categoria": "Té e infusiones",
    "nombre": "Té verde a la menta Hornimans caja 20 unidades",
    "precio_unitario": "2,79 €",
    "precio_por_unidad": "(0,14 €/ud)",
    "imagen": "https://www.dia.es/product_images/31913/31913_ISO_0_ES.jpg?imwidth=392"
  },
  {
    "categoria": "Té e infusiones",
    "nombre": "Infusión de melatonina y pasiflora Pompadour caja 15 unidades",
    "precio_unitario": "2,95 €",
    "precio_por_unidad": "(0,20 €/ud)",
    "imagen": "https://www.dia.es/product_images/301869/301869_ISO_0_ES.jpg?imwidth=392"
  },
  {
    "categoria": "Té e infusiones",
    "nombre": "Infusión de propóleo y equinácea Pompadour caja 15 unidades",
    "precio_unitario": "2,95 €",
    "precio_por_unidad": "(0,20 €/ud)",
    "imagen": "https://www.dia.es/product_images/301808/301808_ISO_0_ES.jpg?imwidth=392"
  },
  {
    "categoria": "Té e infusiones",
    "nombre": "Infusión con probióticos y manzanilla Pompadour caja 15 unidades",
    "precio_unitario": "2,95 €",
    "precio_por_unidad": "(0,20 €/ud)",
    "imagen": "https://www.dia.es/product_images/301807/301807_ISO_0_ES.jpg?imwidth=392"
  },
  {
    "categoria": "Té e infusiones",
    "nombre": "Infusión con probióticos y jengibre Pompadour caja 15 unidades",
    "precio_unitario": "2,95 €",
    "precio_por_unidad": "(0,20 €/ud)",
    "imagen": "https://www.dia.es/product_images/301806/301806_ISO_0_ES.jpg?imwidth=392"
  },
  {
    "categoria": "Té e infusiones",
    "nombre": "Infusión elimina gases Susaron caja 10 unidades",
    "precio_unitario": "1,95 €",
    "precio_por_unidad": "(0,20 €/ud)",
    "imagen": "https://www.dia.es/product_images/298871/298871_ISO_0_ES.jpg?imwidth=392"
  },
  {
    "categoria": "Té e infusiones",
    "nombre": "Infusión relax Tetería de Dia caja 25 unidades",
    "precio_unitario": "1,25 €",
    "precio_por_unidad": "(0,05 €/ud)",
    "imagen": "https://www.dia.es/product_images/296229/296229_ISO_0_ES.jpg?imwidth=392"
  },
  {
    "categoria": "Té e infusiones",
    "nombre": "Infusión de jengibre y limón Hornimans caja 15 unidades",
    "precio_unitario": "2,79 €",
    "precio_por_unidad": "(0,19 €/ud)",
    "imagen": "https://www.dia.es/product_images/294768/294768_ISO_0_ES.jpg?imwidth=392"
  },
  {
    "categoria": "Té e infusiones",
    "nombre": "Infusión de jengibre y arándanos Hornimans caja 15 unidades",
    "precio_unitario": "2,79 €",
    "precio_por_unidad": "(0,19 €/ud)",
    "imagen": "https://www.dia.es/product_images/294767/294767_ISO_0_ES.jpg?imwidth=392"
  },
  {
    "categoria": "Té e infusiones",
    "nombre": "Infusión de jengibre y naranja Hornimans caja 15 unidades",
    "precio_unitario": "2,79 €",
    "precio_por_unidad": "(0,19 €/ud)",
    "imagen": "https://www.dia.es/product_images/294766/294766_ISO_0_ES.jpg?imwidth=392"
  },
  {
    "categoria": "Té e infusiones",
    "nombre": "Infusión de maca con jengibre, canela y naranja Hornimans caja 20 unidades",
    "precio_unitario": "2,79 €",
    "precio_por_unidad": "(0,14 €/ud)",
    "imagen": "https://www.dia.es/product_images/288254/288254_ISO_0_ES.jpg?imwidth=392"
  },
  {
    "categoria": "Té e infusiones",
    "nombre": "Rooibos y pétalos de girasol Tetería de Dia caja 12 unidades",
    "precio_unitario": "1,89 €",
    "precio_por_unidad": "(0,16 €/ud)",
    "imagen": "https://www.dia.es/product_images/286151/286151_ISO_0_ES.jpg?imwidth=392"
  },
  {
    "categoria": "Té e infusiones",
    "nombre": "Té verde kombucha con jengibre y limón Hornimans caja 20 unidades",
    "precio_unitario": "2,79 €",
    "precio_por_unidad": "(0,14 €/ud)",
    "imagen": "https://www.dia.es/product_images/278699/278699_ISO_0_ES.jpg?imwidth=392"
  },
  {
    "categoria": "Té e infusiones",
    "nombre": "Infusión de arándanos Hornimans caja 20 unidades",
    "precio_unitario": "2,79 €",
    "precio_por_unidad": "(0,14 €/ud)",
    "imagen": "https://www.dia.es/product_images/268925/268925_ISO_0_ES.jpg?imwidth=392"
  },
  {
    "categoria": "Té e infusiones",
    "nombre": "Infusión infu relax Hornimans caja 20 unidades",
    "precio_unitario": "2,79 €",
    "precio_por_unidad": "(0,14 €/ud)",
    "imagen": "https://www.dia.es/product_images/26006/26006_ISO_0_ES.jpg?imwidth=392"
  },
  {
    "categoria": "Té e infusiones",
    "nombre": "Infusión tila Hornimans caja 40 unidades",
    "precio_unitario": "2,99 €",
    "precio_por_unidad": "(0,07 €/ud)",
    "imagen": "https://www.dia.es/product_images/240825/240825_ISO_0_ES.jpg?imwidth=392"
  },
  {
    "categoria": "Té e infusiones",
    "nombre": "Infusión poleo menta Hornimans caja 40 unidades",
    "precio_unitario": "2,99 €",
    "precio_por_unidad": "(0,07 €/ud)",
    "imagen": "https://www.dia.es/product_images/240823/240823_ISO_0_ES.jpg?imwidth=392"
  },
  {
    "categoria": "Té e infusiones",
    "nombre": "Infusión jengibre con y limón Pompadour caja 20 unidades",
    "precio_unitario": "2,79 €",
    "precio_por_unidad": "(0,14 €/ud)",
    "imagen": "https://www.dia.es/product_images/210857/210857_ISO_0_ES.jpg?imwidth=392"
  },
  {
    "categoria": "Té e infusiones",
    "nombre": "Infusión manzanilla con miel Hornimans caja 25 unidades",
    "precio_unitario": "2,15 €",
    "precio_por_unidad": "(0,09 €/ud)",
    "imagen": "https://www.dia.es/product_images/209379/209379_ISO_0_ES.jpg?imwidth=392"
  },
  {
    "categoria": "Té e infusiones",
    "nombre": "Té verde con jengibre y naranja Pompadour caja 20 unidades",
    "precio_unitario": "2,79 €",
    "precio_por_unidad": "(0,14 €/ud)",
    "imagen": "https://www.dia.es/product_images/190200/190200_ISO_0_ES.jpg?imwidth=392"
  },
  {
    "categoria": "Té e infusiones",
    "nombre": "Té verde extra puro Hornimans caja 20 unidades",
    "precio_unitario": "2,79 €",
    "precio_por_unidad": "(0,14 €/ud)",
    "imagen": "https://www.dia.es/product_images/184953/184953_ISO_0_ES.jpg?imwidth=392"
  },
  {
    "categoria": "Té e infusiones",
    "nombre": "Infusión digestive Pompadour caja 20 unidades",
    "precio_unitario": "2,79 €",
    "precio_por_unidad": "(0,14 €/ud)",
    "imagen": "https://www.dia.es/product_images/168966/168966_ISO_0_ES.jpg?imwidth=392"
  },
  {
    "categoria": "Té e infusiones",
    "nombre": "Infusión manzanilla con y anís Hornimans caja 25 unidades",
    "precio_unitario": "2,15 €",
    "precio_por_unidad": "(0,09 €/ud)",
    "imagen": "https://www.dia.es/product_images/154331/154331_ISO_0_ES.jpg?imwidth=392"
  },
  {
    "categoria": "Té e infusiones",
    "nombre": "Té slim con té matcha Hornimans caja 20 unidades",
    "precio_unitario": "2,79 €",
    "precio_por_unidad": "(0,14 €/ud)",
    "imagen": "https://www.dia.es/product_images/143549/143549_ISO_0_ES.jpg?imwidth=392"
  },
  {
    "categoria": "Té e infusiones",
    "nombre": "Infu sueños Hornimans caja 20 unidades",
    "precio_unitario": "2,79 €",
    "precio_por_unidad": "(0,14 €/ud)",
    "imagen": "https://www.dia.es/product_images/143547/143547_ISO_0_ES.jpg?imwidth=392"
  },
  {
    "categoria": "Té e infusiones",
    "nombre": "Infusión frutal frambuesa y rooibos Hornimans caja 20 unidades",
    "precio_unitario": "2,79 €",
    "precio_por_unidad": "(0,14 €/ud)",
    "imagen": "https://www.dia.es/product_images/117461/117461_ISO_0_ES.jpg?imwidth=392"
  },
  {
    "categoria": "Azúcar y edulcorantes",
    "nombre": "Azúcar blanco Dia paquete 1 Kg",
    "precio_unitario": "1,10 €",
    "precio_por_unidad": "(1,10 €/kg)",
    "imagen": "https://www.dia.es/product_images/81798/81798_ISO_0_ES.jpg?imwidth=392"
  },
  {
    "categoria": "Azúcar y edulcorantes",
    "nombre": "Azúcar blanco Azucarera paquete 1 Kg",
    "precio_unitario": "1,15 €",
    "precio_por_unidad": "(1,15 €/kg)",
    "imagen": "https://www.dia.es/product_images/178/178_ISO_0_ES.jpg?imwidth=392"
  },
  {
    "categoria": "Azúcar y edulcorantes",
    "nombre": "Azúcar moreno de caña integral Sidul bolsa 1 Kg",
    "precio_unitario": "1,85 €",
    "precio_por_unidad": "(1,85 €/kg)",
    "imagen": "https://www.dia.es/product_images/298968/298968_ISO_0_ES.jpg?imwidth=392"
  },
  {
    "categoria": "Azúcar y edulcorantes",
    "nombre": "Edulcorante líquido Dia botella 200 ml",
    "precio_unitario": "1,13 €",
    "precio_por_unidad": "(5,65 €/L)",
    "imagen": "https://www.dia.es/product_images/198631/198631_ISO_0_ES.jpg?imwidth=392"
  },
  {
    "categoria": "Azúcar y edulcorantes",
    "nombre": "Edulcorante Dia bote 50 g",
    "precio_unitario": "1,11 €",
    "precio_por_unidad": "(22,20 €/kg)",
    "imagen": "https://www.dia.es/product_images/108416/108416_ISO_0_ES.jpg?imwidth=392"
  },
  {
    "categoria": "Azúcar y edulcorantes",
    "nombre": "Azúcar moreno de caña integral Azucarera brik 800 g",
    "precio_unitario": "1,79 €",
    "precio_por_unidad": "(2,24 €/kg)",
    "imagen": "https://www.dia.es/product_images/42570/42570_ISO_0_ES.jpg?imwidth=392"
  },
  {
    "categoria": "Azúcar y edulcorantes",
    "nombre": "Panela azúcar moreno de caña integral Azucarera bolsa 500 g",
    "precio_unitario": "1,99 €",
    "precio_por_unidad": "(3,98 €/kg)",
    "imagen": "https://www.dia.es/product_images/256649/256649_ISO_0_ES.jpg?imwidth=392"
  },
  {
    "categoria": "Azúcar y edulcorantes",
    "nombre": "Azúcar blanco en sobres Dia caja 300 g",
    "precio_unitario": "1,15 €",
    "precio_por_unidad": "(3,83 €/kg)",
    "imagen": "https://www.dia.es/product_images/265464/265464_ISO_0_ES.jpg?imwidth=392"
  },
  {
    "categoria": "Azúcar y edulcorantes",
    "nombre": "Edulcorante Dia frasco 150 unidades",
    "precio_unitario": "1,70 €",
    "precio_por_unidad": "(0,01 €/ud)",
    "imagen": "https://www.dia.es/product_images/210776/210776_ISO_0_ES.jpg?imwidth=392"
  },
  {
    "categoria": "Azúcar y edulcorantes",
    "nombre": "Azúcar moreno en sobres Dia caja 300 g",
    "precio_unitario": "1,29 €",
    "precio_por_unidad": "(4,30 €/kg)",
    "imagen": "https://www.dia.es/product_images/265466/265466_ISO_0_ES.jpg?imwidth=392"
  },
  {
    "categoria": "Azúcar y edulcorantes",
    "nombre": "Edulcorante en polvo Dia bote 200 g",
    "precio_unitario": "3,29 €",
    "precio_por_unidad": "(16,45 €/kg)",
    "imagen": "https://www.dia.es/product_images/222283/222283_ISO_0_ES.jpg?imwidth=392"
  },
  {
    "categoria": "Azúcar y edulcorantes",
    "nombre": "Azúcar glacé Dia bote 300 g",
    "precio_unitario": "1,59 €",
    "precio_por_unidad": "(5,30 €/kg)",
    "imagen": "https://www.dia.es/product_images/265465/265465_ISO_0_ES.jpg?imwidth=392"
  },
  {
    "categoria": "Azúcar y edulcorantes",
    "nombre": "Edulcorante en sobres Bonsweet caja 102 unidades",
    "precio_unitario": "2,99 €",
    "precio_por_unidad": "(29,31 €/kg)",
    "imagen": "https://www.dia.es/product_images/300198/300198_ISO_0_ES.jpg?imwidth=392"
  },
  {
    "categoria": "Azúcar y edulcorantes",
    "nombre": "Azúcar moreno integral en terrones Azucarera caja 500 g",
    "precio_unitario": "1,79 €",
    "precio_por_unidad": "(3,58 €/kg)",
    "imagen": "https://www.dia.es/product_images/189181/189181_ISO_0_ES.jpg?imwidth=392"
  },
  {
    "categoria": "Azúcar y edulcorantes",
    "nombre": "Sirope de ágave Azucarera botella 360 g",
    "precio_unitario": "2,99 €",
    "precio_por_unidad": "(8,31 €/kg)",
    "imagen": "https://www.dia.es/product_images/250209/250209_ISO_0_ES.jpg?imwidth=392"
  },
  {
    "categoria": "Azúcar y edulcorantes",
    "nombre": "Azúcar blanco en azucarillos Azucarera caja 300 g",
    "precio_unitario": "1,25 €",
    "precio_por_unidad": "(4,17 €/kg)",
    "imagen": "https://www.dia.es/product_images/168448/168448_ISO_0_ES.jpg?imwidth=392"
  },
  {
    "categoria": "Azúcar y edulcorantes",
    "nombre": "Eritritol Natur Wassy bolsa 200 g",
    "precio_unitario": "3,19 €",
    "precio_por_unidad": "(15,95 €/kg)",
    "imagen": "https://www.dia.es/product_images/294594/294594_ISO_0_ES.jpg?imwidth=392"
  },
  {
    "categoria": "Azúcar y edulcorantes",
    "nombre": "Endulzante de stevia 0 calorías Truvia caja 40 unidades",
    "precio_unitario": "2,15 €",
    "precio_por_unidad": "(0,05 €/ud)",
    "imagen": "https://www.dia.es/product_images/147768/147768_ISO_0_ES.jpg?imwidth=392"
  },
  {
    "categoria": "Azúcar y edulcorantes",
    "nombre": "Edulcorante en comprimidos Bonsweet caja 650 unidades",
    "precio_unitario": "1,89 €",
    "precio_por_unidad": "(48,46 €/kg)",
    "imagen": "https://www.dia.es/product_images/300200/300200_ISO_0_ES.jpg?imwidth=392"
  },
  {
    "categoria": "Azúcar y edulcorantes",
    "nombre": "Edulcorante líquido Dia botella 150 ml",
    "precio_unitario": "1,71 €",
    "precio_por_unidad": "(13,68 €/L)",
    "imagen": "https://www.dia.es/product_images/222282/222282_ISO_0_ES.jpg?imwidth=392"
  },
  {
    "categoria": "Miel",
    "nombre": "Miel de flores Mielove de Dia frasco 1 Kg",
    "precio_unitario": "4,40 €",
    "precio_por_unidad": "(4,40 €/kg)",
    "imagen": "https://www.dia.es/product_images/297/297_ISO_0_ES.jpg?imwidth=392"
  },
  {
    "categoria": "Miel",
    "nombre": "Miel de flores antigoteo Mielove de Dia frasco 500 g",
    "precio_unitario": "3,05 €",
    "precio_por_unidad": "(6,10 €/kg)",
    "imagen": "https://www.dia.es/product_images/133109/133109_ISO_0_ES.jpg?imwidth=392"
  },
  {
    "categoria": "Miel",
    "nombre": "Miel de azahar Mielove de Dia frasco 350 g",
    "precio_unitario": "3,19 €",
    "precio_por_unidad": "(9,11 €/kg)",
    "imagen": "https://www.dia.es/product_images/222955/222955_ISO_0_ES.jpg?imwidth=392"
  },
  {
    "categoria": "Miel",
    "nombre": "Miel de romero Mielove de Dia frasco 350 g",
    "precio_unitario": "3,49 €",
    "precio_por_unidad": "(9,97 €/kg)",
    "imagen": "https://www.dia.es/product_images/222953/222953_ISO_0_ES.jpg?imwidth=392"
  },
  {
    "categoria": "Miel",
    "nombre": "Miel de eucalipto Mielove de Dia frasco 350 g",
    "precio_unitario": "3,19 €",
    "precio_por_unidad": "(9,11 €/kg)",
    "imagen": "https://www.dia.es/product_images/222956/222956_ISO_0_ES.jpg?imwidth=392"
  },
  {
    "categoria": "Miel",
    "nombre": "Miel de flores La obrera frasco 500 g",
    "precio_unitario": "4,45 €",
    "precio_por_unidad": "(8,90 €/kg)",
    "imagen": "https://www.dia.es/product_images/304248/304248_ISO_0_ES.jpg?imwidth=392"
  },
  {
    "categoria": "Miel",
    "nombre": "Miel de montaña Mielove de Dia frasco 500 g",
    "precio_unitario": "4,85 €",
    "precio_por_unidad": "(9,70 €/kg)",
    "imagen": "https://www.dia.es/product_images/302704/302704_ISO_0_ES.jpg?imwidth=392"
  },
  {
    "categoria": "Miel",
    "nombre": "Miel de flores antigoteo Granja san fancisco bote 350 g",
    "precio_unitario": "5,50 €",
    "precio_por_unidad": "(15,71 €/kg)",
    "imagen": "https://www.dia.es/product_images/17255/17255_ISO_0_ES.jpg?imwidth=392"
  },
  {
    "categoria": "Miel",
    "nombre": "Sirope de caña antigoteo Ramiflor frasco 500 g",
    "precio_unitario": "3,50 €",
    "precio_por_unidad": "(7,00 €/kg)",
    "imagen": "https://www.dia.es/product_images/274320/274320_ISO_0_ES.jpg?imwidth=392"
  },
  {
    "categoria": "Mermeladas y frutas en almibar",
    "nombre": "Mermelada de fresa extra Fruticampo de Dia frasco 390 g",
    "precio_unitario": "1,00 €",
    "precio_por_unidad": "(2,56 €/kg)",
    "imagen": "https://www.dia.es/product_images/135272/135272_ISO_0_ES.jpg?imwidth=392"
  },
  {
    "categoria": "Mermeladas y frutas en almibar",
    "nombre": "Dulce de membrillo Fruticampo de Dia tarrina 350 g",
    "precio_unitario": "1,00 €",
    "precio_por_unidad": "(2,86 €/kg)",
    "imagen": "https://www.dia.es/product_images/277824/277824_ISO_0_ES.jpg?imwidth=392"
  },
  {
    "categoria": "Mermeladas y frutas en almibar",
    "nombre": "Piña en su jugo en rodajas Fruticampo de Dia lata 490 g",
    "precio_unitario": "1,95 €",
    "precio_por_unidad": "(3,98 €/kg)",
    "imagen": "https://www.dia.es/product_images/4916/4916_ISO_0_ES.jpg?imwidth=392"
  },
  {
    "categoria": "Mermeladas y frutas en almibar",
    "nombre": "Mermelada de melocotón extra Fruticampo de Dia frasco 390 g",
    "precio_unitario": "1,50 €",
    "precio_por_unidad": "(3,85 €/kg)",
    "imagen": "https://www.dia.es/product_images/135271/135271_ISO_0_ES.jpg?imwidth=392"
  },
  {
    "categoria": "Mermeladas y frutas en almibar",
    "nombre": "Mermelada de fresa 0% sin azúcares añadidos Fruticampo de Dia frasco 330 g",
    "precio_unitario": "1,60 €",
    "precio_por_unidad": "(4,85 €/kg)",
    "imagen": "https://www.dia.es/product_images/141570/141570_ISO_0_ES.jpg?imwidth=392"
  },
  {
    "categoria": "Mermeladas y frutas en almibar",
    "nombre": "Melocotón en almíbar en mitades Sueños Dia lata 480 g",
    "precio_unitario": "2,05 €",
    "precio_por_unidad": "(4,27 €/kg)",
    "imagen": "https://www.dia.es/product_images/270/270_ISO_0_ES.jpg?imwidth=392"
  },
  {
    "categoria": "Mermeladas y frutas en almibar",
    "nombre": "Mermelada de melocotón extra Fruticampo de Dia frasco 650 g",
    "precio_unitario": "2,39 €",
    "precio_por_unidad": "(3,68 €/kg)",
    "imagen": "https://www.dia.es/product_images/20586/20586_ISO_0_ES.jpg?imwidth=392"
  },
  {
    "categoria": "Mermeladas y frutas en almibar",
    "nombre": "Mermelada de albaricoque extra Fruticampo de Dia frasco 390 g",
    "precio_unitario": "1,50 €",
    "precio_por_unidad": "(3,85 €/kg)",
    "imagen": "https://www.dia.es/product_images/148313/148313_ISO_0_ES.jpg?imwidth=392"
  },
  {
    "categoria": "Mermeladas y frutas en almibar",
    "nombre": "Mermelada de arándanos extra Fruticampo de Dia frasco 320 g",
    "precio_unitario": "2,10 €",
    "precio_por_unidad": "(6,56 €/kg)",
    "imagen": "https://www.dia.es/product_images/212874/212874_ISO_0_ES.jpg?imwidth=392"
  },
  {
    "categoria": "Mermeladas y frutas en almibar",
    "nombre": "Mermelada de fresa Helios blister 10 x 25 g",
    "precio_unitario": "1,79 €",
    "precio_por_unidad": "(7,16 €/kg)",
    "imagen": "https://www.dia.es/product_images/261228/261228_ISO_0_ES.jpg?imwidth=392"
  },
  {
    "categoria": "Mermeladas y frutas en almibar",
    "nombre": "Mermelada de frutas del bosque extra Fruticampo de Dia frasco 320 g",
    "precio_unitario": "2,10 €",
    "precio_por_unidad": "(6,56 €/kg)",
    "imagen": "https://www.dia.es/product_images/212871/212871_ISO_0_ES.jpg?imwidth=392"
  },
  {
    "categoria": "Mermeladas y frutas en almibar",
    "nombre": "Piña en su jugo en rodajas Fruticampo de Dia lata 3 x 137 g",
    "precio_unitario": "2,43 €",
    "precio_por_unidad": "(5,83 €/kg)",
    "imagen": "https://www.dia.es/product_images/1807/1807_ISO_0_ES.jpg?imwidth=392"
  },
  {
    "categoria": "Mermeladas y frutas en almibar",
    "nombre": "Mermelada de fresa La vieja fábrica frasco 280 g",
    "precio_unitario": "2,69 €",
    "precio_por_unidad": "(9,61 €/kg)",
    "imagen": "https://www.dia.es/product_images/301390/301390_ISO_0_ES.jpg?imwidth=392"
  },
  {
    "categoria": "Mermeladas y frutas en almibar",
    "nombre": "Mermelada de frambuesa La vieja fábrica frasco 280 g",
    "precio_unitario": "2,69 €",
    "precio_por_unidad": "(9,61 €/kg)",
    "imagen": "https://www.dia.es/product_images/301443/301443_ISO_0_ES.jpg?imwidth=392"
  },
  {
    "categoria": "Mermeladas y frutas en almibar",
    "nombre": "Mermelada de melocotón extra sin azúcares añadidos Fruticampo de Dia frasco 330 g",
    "precio_unitario": "1,59 €",
    "precio_por_unidad": "(4,82 €/kg)",
    "imagen": "https://www.dia.es/product_images/143249/143249_ISO_0_ES.jpg?imwidth=392"
  },
  {
    "categoria": "Mermeladas y frutas en almibar",
    "nombre": "Melocotón en almíbar Fruticampo de Dia lata 3 x 115 g",
    "precio_unitario": "2,35 €",
    "precio_por_unidad": "(6,81 €/kg)",
    "imagen": "https://www.dia.es/product_images/75604/75604_ISO_0_ES.jpg?imwidth=392"
  },
  {
    "categoria": "Mermeladas y frutas en almibar",
    "nombre": "Mermelada de fresa extra Fruticampo de Dia frasco 650 g",
    "precio_unitario": "2,39 €",
    "precio_por_unidad": "(3,68 €/kg)",
    "imagen": "https://www.dia.es/product_images/20568/20568_ISO_0_ES.jpg?imwidth=392"
  },
  {
    "categoria": "Mermeladas y frutas en almibar",
    "nombre": "Mermelada de higo extra 60% fruta Fruticampo de Dia frasco 320 g",
    "precio_unitario": "1,99 €",
    "precio_por_unidad": "(6,22 €/kg)",
    "imagen": "https://www.dia.es/product_images/183577/183577_ISO_0_ES.jpg?imwidth=392"
  },
  {
    "categoria": "Mermeladas y frutas en almibar",
    "nombre": "Mermelada de tomate extra Fruticampo de Dia frasco 320 g",
    "precio_unitario": "1,42 €",
    "precio_por_unidad": "(4,44 €/kg)",
    "imagen": "https://www.dia.es/product_images/213266/213266_ISO_0_ES.jpg?imwidth=392"
  },
  {
    "categoria": "Mermeladas y frutas en almibar",
    "nombre": "Mermelada de naranja amarga Fruticampo de Dia frasco 310 g",
    "precio_unitario": "1,50 €",
    "precio_por_unidad": "(4,84 €/kg)",
    "imagen": "https://www.dia.es/product_images/213265/213265_ISO_0_ES.jpg?imwidth=392"
  },
  {
    "categoria": "Chocolates y bombones",
    "nombre": "Chocolate blanco con relleno de galleta filipinos Nestlé Extrafino 84 g",
    "precio_unitario": "1,00 €",
    "precio_por_unidad": "(11,90 €/kg)",
    "imagen": "https://www.dia.es/product_images/297962/297962_ISO_0_ES.jpg?imwidth=392"
  },
  {
    "categoria": "Chocolates y bombones",
    "nombre": "Chocolate con leche y almendras Temptation de Dia 150 g",
    "precio_unitario": "1,50 €",
    "precio_por_unidad": "(10,00 €/kg)",
    "imagen": "https://www.dia.es/product_images/82868/82868_ISO_0_ES.jpg?imwidth=392"
  },
  {
    "categoria": "Chocolates y bombones",
    "nombre": "Chocolate blanco Temptation de Dia 100 g",
    "precio_unitario": "1,15 €",
    "precio_por_unidad": "(11,50 €/kg)",
    "imagen": "https://www.dia.es/product_images/300066/300066_ISO_0_ES.jpg?imwidth=392"
  },
  {
    "categoria": "Chocolates y bombones",
    "nombre": "Chocolate con leche Milka 125 g",
    "precio_unitario": "1,40 €",
    "precio_por_unidad": "(11,20 €/kg)",
    "imagen": "https://www.dia.es/product_images/66565/66565_ISO_0_ES.jpg?imwidth=392"
  },
  {
    "categoria": "Chocolates y bombones",
    "nombre": "Chocolate negro 85% cacao sin azúcares añadidos Temptation de Dia 100 g",
    "precio_unitario": "1,70 €",
    "precio_por_unidad": "(17,00 €/kg)",
    "imagen": "https://www.dia.es/product_images/300058/300058_ISO_0_ES.jpg?imwidth=392"
  },
  {
    "categoria": "Chocolates y bombones",
    "nombre": "Chocolate con leche crujiente Temptation de Dia 75 g",
    "precio_unitario": "0,85 €",
    "precio_por_unidad": "(11,33 €/kg)",
    "imagen": "https://www.dia.es/product_images/300057/300057_ISO_0_ES.jpg?imwidth=392"
  },
  {
    "categoria": "Chocolates y bombones",
    "nombre": "Chocolate negro 74% cacao Temptation de Dia 100 g",
    "precio_unitario": "1,59 €",
    "precio_por_unidad": "(15,90 €/kg)",
    "imagen": "https://www.dia.es/product_images/235070/235070_ISO_0_ES.jpg?imwidth=392"
  },
  {
    "categoria": "Chocolates y bombones",
    "nombre": "Chocolate negro con almendras enteras Temptation de Dia 200 g",
    "precio_unitario": "2,15 €",
    "precio_por_unidad": "(10,75 €/kg)",
    "imagen": "https://www.dia.es/product_images/58237/58237_ISO_0_ES.jpg?imwidth=392"
  },
  {
    "categoria": "Chocolates y bombones",
    "nombre": "Barritas de chocolate con leche y avellanas Temptation de Dia bolsa 115 g",
    "precio_unitario": "1,65 €",
    "precio_por_unidad": "(14,35 €/kg)",
    "imagen": "https://www.dia.es/product_images/205200/205200_ISO_0_ES.jpg?imwidth=392"
  },
  {
    "categoria": "Chocolates y bombones",
    "nombre": "Chocolate con leche y avellanas Temptation de Dia 150 g",
    "precio_unitario": "1,50 €",
    "precio_por_unidad": "(10,00 €/kg)",
    "imagen": "https://www.dia.es/product_images/82867/82867_ISO_0_ES.jpg?imwidth=392"
  },
  {
    "categoria": "Chocolates y bombones",
    "nombre": "Chocolate relleno de avellana caramelizada y galleta Temptation de Dia 100 g",
    "precio_unitario": "1,25 €",
    "precio_por_unidad": "(12,50 €/kg)",
    "imagen": "https://www.dia.es/product_images/300975/300975_ISO_0_ES.jpg?imwidth=392"
  },
  {
    "categoria": "Chocolates y bombones",
    "nombre": "Barritas de barquillo recubierta de chocolate con leche Huesitos bolsa 200 g",
    "precio_unitario": "2,45 €",
    "precio_por_unidad": "(12,25 €/kg)",
    "imagen": "https://www.dia.es/product_images/91974/91974_ISO_0_ES.jpg?imwidth=392"
  },
  {
    "categoria": "Chocolates y bombones",
    "nombre": "Chocolate con leche Dolca 100 g",
    "precio_unitario": "1,05 €",
    "precio_por_unidad": "(10,50 €/kg)",
    "imagen": "https://www.dia.es/product_images/254523/254523_ISO_0_ES.jpg?imwidth=392"
  },
  {
    "categoria": "Chocolates y bombones",
    "nombre": "Chocolate negro para postres Temptation de Dia 200 g",
    "precio_unitario": "2,35 €",
    "precio_por_unidad": "(11,75 €/kg)",
    "imagen": "https://www.dia.es/product_images/3266/3266_ISO_0_ES.jpg?imwidth=392"
  },
  {
    "categoria": "Chocolates y bombones",
    "nombre": "Chocolate con leche Nestlé Extrafino 3 x 125 g",
    "precio_unitario": "3,99 €",
    "precio_por_unidad": "(10,64 €/kg)",
    "imagen": "https://www.dia.es/product_images/46581/46581_ISO_0_ES.jpg?imwidth=392"
  },
  {
    "categoria": "Chocolates y bombones",
    "nombre": "Chocolate con leche con galleta Temptation de Dia 100 g",
    "precio_unitario": "1,15 €",
    "precio_por_unidad": "(11,50 €/kg)",
    "imagen": "https://www.dia.es/product_images/300974/300974_ISO_0_ES.jpg?imwidth=392"
  },
  {
    "categoria": "Chocolates y bombones",
    "nombre": "Barritas de chocolate con leche Kinder caja 100 g",
    "precio_unitario": "1,79 €",
    "precio_por_unidad": "(17,90 €/kg)",
    "imagen": "https://www.dia.es/product_images/71366/71366_ISO_0_ES.jpg?imwidth=392"
  },
  {
    "categoria": "Chocolates y bombones",
    "nombre": "Cacahuetes cubiertos de chocolate de colores Temptation de Dia bolsa 180 g",
    "precio_unitario": "1,90 €",
    "precio_por_unidad": "(10,56 €/kg)",
    "imagen": "https://www.dia.es/product_images/290813/290813_ISO_0_ES.jpg?imwidth=392"
  },
  {
    "categoria": "Chocolates y bombones",
    "nombre": "Chocolate con leche relleno con caramelo y avellanas Milka 300 g",
    "precio_unitario": "3,95 €",
    "precio_por_unidad": "(13,17 €/kg)",
    "imagen": "https://www.dia.es/product_images/99783/99783_ISO_0_ES.jpg?imwidth=392"
  },
  {
    "categoria": "Chocolates y bombones",
    "nombre": "Bombones rellenos de coco y almendra Ferrero Raffaello caja 150 g",
    "precio_unitario": "4,39 €",
    "precio_por_unidad": "(29,27 €/kg)",
    "imagen": "https://www.dia.es/product_images/85754/85754_ISO_0_ES.jpg?imwidth=392"
  },
  {
    "categoria": "Caramelos, chicles y golosinas",
    "nombre": "Regaliz rueda rojo Marcelo Caramelo de Dia bolsa 250 g",
    "precio_unitario": "1,39 €",
    "precio_por_unidad": "(5,56 €/kg)",
    "imagen": "https://www.dia.es/product_images/161764/161764_ISO_0_ES.jpg?imwidth=392"
  },
  {
    "categoria": "Caramelos, chicles y golosinas",
    "nombre": "Mini regalices sour boom colour mix Fini bolsa 90 g",
    "precio_unitario": "1,19 €",
    "precio_por_unidad": "(13,22 €/kg)",
    "imagen": "https://www.dia.es/product_images/301334/301334_ISO_0_ES.jpg?imwidth=392"
  },
  {
    "categoria": "Caramelos, chicles y golosinas",
    "nombre": "Chicles de hierbabuena sin azúcar Iceberg de Dia bote 70 unidades",
    "precio_unitario": "1,95 €",
    "precio_por_unidad": "(0,03 €/ud)",
    "imagen": "https://www.dia.es/product_images/271743/271743_ISO_0_ES.jpg?imwidth=392"
  },
  {
    "categoria": "Caramelos, chicles y golosinas",
    "nombre": "Nubes rellenas Fini bolsa 80 g",
    "precio_unitario": "1,19 €",
    "precio_por_unidad": "(14,88 €/kg)",
    "imagen": "https://www.dia.es/product_images/301335/301335_ISO_0_ES.jpg?imwidth=392"
  },
  {
    "categoria": "Caramelos, chicles y golosinas",
    "nombre": "Chicles sabor hierbabuena sin azúcar Iceberg de Dia bolsa 44.8 g",
    "precio_unitario": "0,99 €",
    "precio_por_unidad": "(22,10 €/kg)",
    "imagen": "https://www.dia.es/product_images/267965/267965_ISO_0_ES.jpg?imwidth=392"
  },
  {
    "categoria": "Caramelos, chicles y golosinas",
    "nombre": "Golosinas surtidas Marcelo Caramelo de Dia bolsa 250 g",
    "precio_unitario": "1,79 €",
    "precio_por_unidad": "(7,16 €/kg)",
    "imagen": "https://www.dia.es/product_images/161767/161767_ISO_0_ES.jpg?imwidth=392"
  },
  {
    "categoria": "Caramelos, chicles y golosinas",
    "nombre": "Palotes masticables de frutas Palotes bolsa 90 g",
    "precio_unitario": "1,05 €",
    "precio_por_unidad": "(11,67 €/kg)",
    "imagen": "https://www.dia.es/product_images/253743/253743_ISO_0_ES.jpg?imwidth=392"
  },
  {
    "categoria": "Caramelos, chicles y golosinas",
    "nombre": "Tronquitos sin pica Marcelo Caramelo de Dia bolsa 225 g",
    "precio_unitario": "1,09 €",
    "precio_por_unidad": "(4,84 €/kg)",
    "imagen": "https://www.dia.es/product_images/162404/162404_ISO_0_ES.jpg?imwidth=392"
  },
  {
    "categoria": "Caramelos, chicles y golosinas",
    "nombre": "Golosinas fresa Marcelo Caramelo de Dia bolsa 250 g",
    "precio_unitario": "1,69 €",
    "precio_por_unidad": "(6,76 €/kg)",
    "imagen": "https://www.dia.es/product_images/161740/161740_ISO_0_ES.jpg?imwidth=392"
  },
  {
    "categoria": "Caramelos, chicles y golosinas",
    "nombre": "Caramelo de goma relleno sabor cereza Dulciora Pikotas bolsa 100 g",
    "precio_unitario": "1,39 €",
    "precio_por_unidad": "(13,90 €/kg)",
    "imagen": "https://www.dia.es/product_images/271236/271236_ISO_0_ES.jpg?imwidth=392"
  },
  {
    "categoria": "Caramelos, chicles y golosinas",
    "nombre": "Golosinas ositos de oro Haribo bolsa 150 g",
    "precio_unitario": "1,49 €",
    "precio_por_unidad": "(9,93 €/kg)",
    "imagen": "https://www.dia.es/product_images/188690/188690_ISO_0_ES.jpg?imwidth=392"
  },
  {
    "categoria": "Caramelos, chicles y golosinas",
    "nombre": "Golosinas mora Marcelo Caramelo de Dia bolsa 250 g",
    "precio_unitario": "1,38 €",
    "precio_por_unidad": "(5,52 €/kg)",
    "imagen": "https://www.dia.es/product_images/161742/161742_ISO_0_ES.jpg?imwidth=392"
  },
  {
    "categoria": "Caramelos, chicles y golosinas",
    "nombre": "Golosinas cintas pica Marcelo Caramelo de Dia tarrina 300 g",
    "precio_unitario": "1,75 €",
    "precio_por_unidad": "(5,83 €/kg)",
    "imagen": "https://www.dia.es/product_images/222326/222326_ISO_0_ES.jpg?imwidth=392"
  },
  {
    "categoria": "Caramelos, chicles y golosinas",
    "nombre": "Golosinas gusanos ácidos Trolli bolsa 100 g",
    "precio_unitario": "1,09 €",
    "precio_por_unidad": "(10,90 €/kg)",
    "imagen": "https://www.dia.es/product_images/140453/140453_ISO_0_ES.jpg?imwidth=392"
  },
  {
    "categoria": "Caramelos, chicles y golosinas",
    "nombre": "Caramelos de menta sin azúcar bolsa 100 g",
    "precio_unitario": "1,00 €",
    "precio_por_unidad": "(10,00 €/kg)",
    "imagen": "https://www.dia.es/product_images/292861/292861_ISO_0_ES.jpg?imwidth=392"
  },
  {
    "categoria": "Caramelos, chicles y golosinas",
    "nombre": "Golosinas surtidas little mix Fini tarrina 500 g",
    "precio_unitario": "3,79 €",
    "precio_por_unidad": "(7,58 €/kg)",
    "imagen": "https://www.dia.es/product_images/87365/87365_ISO_0_ES.jpg?imwidth=392"
  },
  {
    "categoria": "Caramelos, chicles y golosinas",
    "nombre": "Golosinas sandía Trolli bolsa 100 g",
    "precio_unitario": "1,09 €",
    "precio_por_unidad": "(10,90 €/kg)",
    "imagen": "https://www.dia.es/product_images/280180/280180_ISO_0_ES.jpg?imwidth=392"
  },
  {
    "categoria": "Caramelos, chicles y golosinas",
    "nombre": "Nubes Marcelo Caramelo de Dia bolsa 200 g",
    "precio_unitario": "1,27 €",
    "precio_por_unidad": "(6,35 €/kg)",
    "imagen": "https://www.dia.es/product_images/34769/34769_ISO_0_ES.jpg?imwidth=392"
  },
  {
    "categoria": "Caramelos, chicles y golosinas",
    "nombre": "Caramelos masticables sabor a frutas Marcelo Caramelo de Dia bolsa 300 g",
    "precio_unitario": "1,49 €",
    "precio_por_unidad": "(4,97 €/kg)",
    "imagen": "https://www.dia.es/product_images/295316/295316_ISO_0_ES.jpg?imwidth=392"
  },
  {
    "categoria": "Caramelos, chicles y golosinas",
    "nombre": "Caramelos con palo varios sabores Chupa Chups bolsa 208 g",
    "precio_unitario": "3,20 €",
    "precio_por_unidad": "(15,38 €/kg)",
    "imagen": "https://www.dia.es/product_images/78787/78787_ISO_0_ES.jpg?imwidth=392"
  },
  {
    "categoria": "Caramelos, chicles y golosinas",
    "nombre": "Caramelos clásicos de nata sin azúcar Werther's bolsa 90 g",
    "precio_unitario": "2,39 €",
    "precio_por_unidad": "(26,56 €/kg)",
    "imagen": "https://www.dia.es/product_images/66713/66713_ISO_0_ES.jpg?imwidth=392"
  },
  {
    "categoria": "Caramelos, chicles y golosinas",
    "nombre": "Chicles sabor menta sin azúcar Orbit bolsa 5 unidades",
    "precio_unitario": "3,69 €",
    "precio_por_unidad": "(0,74 €/ud)",
    "imagen": "https://www.dia.es/product_images/65654/65654_ISO_0_ES.jpg?imwidth=392"
  },
  {
    "categoria": "Caramelos, chicles y golosinas",
    "nombre": "Chicles sabor hierbabuena sin azúcar Orbit bolsa 5 unidades",
    "precio_unitario": "3,69 €",
    "precio_por_unidad": "(0,74 €/ud)",
    "imagen": "https://www.dia.es/product_images/65608/65608_ISO_0_ES.jpg?imwidth=392"
  },
  {
    "categoria": "Caramelos, chicles y golosinas",
    "nombre": "Chicles sabor eucalipto sin azúcar Orbit bolsa 5 unidades",
    "precio_unitario": "3,69 €",
    "precio_por_unidad": "(0,74 €/ud)",
    "imagen": "https://www.dia.es/product_images/65607/65607_ISO_0_ES.jpg?imwidth=392"
  },
  {
    "categoria": "Caramelos, chicles y golosinas",
    "nombre": "Chicles sabor fresa sin azúcar Orbit bolsa 5 unidades",
    "precio_unitario": "3,69 €",
    "precio_por_unidad": "(0,74 €/ud)",
    "imagen": "https://www.dia.es/product_images/65606/65606_ISO_0_ES.jpg?imwidth=392"
  },
  {
    "categoria": "Caramelos, chicles y golosinas",
    "nombre": "Caramelos sabor mentol y limón Iceberg de Dia bolsa 300 g",
    "precio_unitario": "2,19 €",
    "precio_por_unidad": "(7,30 €/kg)",
    "imagen": "https://www.dia.es/product_images/6314/6314_ISO_0_ES.jpg?imwidth=392"
  },
  {
    "categoria": "Caramelos, chicles y golosinas",
    "nombre": "Caramelo con palo varios sabores Chupa Chups 1 unidad",
    "precio_unitario": "0,49 €",
    "precio_por_unidad": "(0,49 €/ud)",
    "imagen": "https://www.dia.es/product_images/44899/44899_ISO_0_ES.jpg?imwidth=392"
  },
  {
    "categoria": "Caramelos, chicles y golosinas",
    "nombre": "Caramelos de nata Werther's bolsa 135 g",
    "precio_unitario": "1,99 €",
    "precio_por_unidad": "(14,74 €/kg)",
    "imagen": "https://www.dia.es/product_images/42678/42678_ISO_0_ES.jpg?imwidth=392"
  },
  {
    "categoria": "Caramelos, chicles y golosinas",
    "nombre": "Caramelos de eucalipto y mentol sin azúcar Pectol bolsa 93 g",
    "precio_unitario": "1,85 €",
    "precio_por_unidad": "(19,89 €/kg)",
    "imagen": "https://www.dia.es/product_images/304662/304662_ISO_0_ES.jpg?imwidth=392"
  },
  {
    "categoria": "Caramelos, chicles y golosinas",
    "nombre": "Gominolas fruit & paradise mix Damel bolsa 135 g",
    "precio_unitario": "1,25 €",
    "precio_por_unidad": "(9,26 €/kg)",
    "imagen": "https://www.dia.es/product_images/303594/303594_ISO_0_ES.jpg?imwidth=392"
  },
  {
    "categoria": "Caramelos, chicles y golosinas",
    "nombre": "Golosinas sweet mix Damel bolsa 135 g",
    "precio_unitario": "1,25 €",
    "precio_por_unidad": "(9,26 €/kg)",
    "imagen": "https://www.dia.es/product_images/303593/303593_ISO_0_ES.jpg?imwidth=392"
  },
  {
    "categoria": "Caramelos, chicles y golosinas",
    "nombre": "Golosinas shiny mix Damel bolsa 135 g",
    "precio_unitario": "1,25 €",
    "precio_por_unidad": "(9,26 €/kg)",
    "imagen": "https://www.dia.es/product_images/303592/303592_ISO_0_ES.jpg?imwidth=392"
  },
  {
    "categoria": "Caramelos, chicles y golosinas",
    "nombre": "Golosinas explosión con sabor a sandía Trolli bolsa 75 g",
    "precio_unitario": "1,79 €",
    "precio_por_unidad": "(23,87 €/kg)",
    "imagen": "https://www.dia.es/product_images/303500/303500_ISO_0_ES.jpg?imwidth=392"
  },
  {
    "categoria": "Caramelos, chicles y golosinas",
    "nombre": "Golosinas mini pizzas Trolli bolsa 100 g",
    "precio_unitario": "1,05 €",
    "precio_por_unidad": "(10,50 €/kg)",
    "imagen": "https://www.dia.es/product_images/303499/303499_ISO_0_ES.jpg?imwidth=392"
  },
  {
    "categoria": "Caramelos, chicles y golosinas",
    "nombre": "Caramelos masticables sabor fruta crazy sour Skittles bolsa 152 g",
    "precio_unitario": "2,99 €",
    "precio_por_unidad": "(19,67 €/kg)",
    "imagen": "https://www.dia.es/product_images/303185/303185_ISO_0_ES.jpg?imwidth=392"
  },
  {
    "categoria": "Caramelos, chicles y golosinas",
    "nombre": "Caramelos masticables sabor fruta ácida fruits Skittles bolsa 152 g",
    "precio_unitario": "2,99 €",
    "precio_por_unidad": "(19,67 €/kg)",
    "imagen": "https://www.dia.es/product_images/303184/303184_ISO_0_ES.jpg?imwidth=392"
  },
  {
    "categoria": "Caramelos, chicles y golosinas",
    "nombre": "Golosinas mega torcidas sabor cereza Haribo bolsa 160 g",
    "precio_unitario": "1,49 €",
    "precio_por_unidad": "(9,31 €/kg)",
    "imagen": "https://www.dia.es/product_images/303089/303089_ISO_0_ES.jpg?imwidth=392"
  },
  {
    "categoria": "Caramelos, chicles y golosinas",
    "nombre": "Golosinas lenguas mix Chupa Chups bolsa 115 g",
    "precio_unitario": "2,35 €",
    "precio_por_unidad": "(20,43 €/kg)",
    "imagen": "https://www.dia.es/product_images/303087/303087_ISO_0_ES.jpg?imwidth=392"
  },
  {
    "categoria": "Caramelos, chicles y golosinas",
    "nombre": "Chicles sabor mentol fuerte Orbit bote 46 unidades",
    "precio_unitario": "2,99 €",
    "precio_por_unidad": "(0,07 €/ud)",
    "imagen": "https://www.dia.es/product_images/302627/302627_ISO_0_ES.jpg?imwidth=392"
  },
  {
    "categoria": "Caramelos, chicles y golosinas",
    "nombre": "Chicles sabor bubblemint Orbit bote 46 unidades",
    "precio_unitario": "2,99 €",
    "precio_por_unidad": "(0,07 €/ud)",
    "imagen": "https://www.dia.es/product_images/302626/302626_ISO_0_ES.jpg?imwidth=392"
  },
  {
    "categoria": "Caramelos, chicles y golosinas",
    "nombre": "Chicles sabor menta Orbit bote 46 unidades",
    "precio_unitario": "2,99 €",
    "precio_por_unidad": "(0,07 €/ud)",
    "imagen": "https://www.dia.es/product_images/302573/302573_ISO_0_ES.jpg?imwidth=392"
  },
  {
    "categoria": "Caramelos, chicles y golosinas",
    "nombre": "Chicles sabor eucalipto Orbit bote 46 unidades",
    "precio_unitario": "2,99 €",
    "precio_por_unidad": "(0,07 €/ud)",
    "imagen": "https://www.dia.es/product_images/302572/302572_ISO_0_ES.jpg?imwidth=392"
  },
  {
    "categoria": "Caramelos, chicles y golosinas",
    "nombre": "Chicles sabor fresa Orbit bote 46 unidades",
    "precio_unitario": "2,99 €",
    "precio_por_unidad": "(0,07 €/ud)",
    "imagen": "https://www.dia.es/product_images/302571/302571_ISO_0_ES.jpg?imwidth=392"
  },
  {
    "categoria": "Caramelos, chicles y golosinas",
    "nombre": "Chicles sabor hierbabuena Orbit bote 46 unidades",
    "precio_unitario": "2,99 €",
    "precio_por_unidad": "(0,07 €/ud)",
    "imagen": "https://www.dia.es/product_images/302570/302570_ISO_0_ES.jpg?imwidth=392"
  },
  {
    "categoria": "Caramelos, chicles y golosinas",
    "nombre": "Golosinas berries Haribo bolsa 150 g",
    "precio_unitario": "1,49 €",
    "precio_por_unidad": "(9,93 €/kg)",
    "imagen": "https://www.dia.es/product_images/301723/301723_ISO_0_ES.jpg?imwidth=392"
  },
  {
    "categoria": "Caramelos, chicles y golosinas",
    "nombre": "Regaliz negro gourmet Fini bolsa 180 g",
    "precio_unitario": "2,29 €",
    "precio_por_unidad": "(12,72 €/kg)",
    "imagen": "https://www.dia.es/product_images/301640/301640_ISO_0_ES.jpg?imwidth=392"
  },
  {
    "categoria": "Caramelos, chicles y golosinas",
    "nombre": "Caramelos sabor fresa con vitamina C Smint caja 49 g",
    "precio_unitario": "2,79 €",
    "precio_por_unidad": "(56,94 €/kg)",
    "imagen": "https://www.dia.es/product_images/300767/300767_ISO_0_ES.jpg?imwidth=392"
  },
  {
    "categoria": "Caramelos, chicles y golosinas",
    "nombre": "Caramelos masticables dipper ball Vidal bolsa 70 g",
    "precio_unitario": "1,00 €",
    "precio_por_unidad": "(14,29 €/kg)",
    "imagen": "https://www.dia.es/product_images/296777/296777_ISO_0_ES.jpg?imwidth=392"
  },
  {
    "categoria": "Caramelos, chicles y golosinas",
    "nombre": "Golosinas red noodles Damel bolsa 200 g",
    "precio_unitario": "1,29 €",
    "precio_por_unidad": "(6,45 €/kg)",
    "imagen": "https://www.dia.es/product_images/296307/296307_ISO_0_ES.jpg?imwidth=392"
  },
  {
    "categoria": "Caramelos, chicles y golosinas",
    "nombre": "Chicles de melón Migueláñez bolsa 125 g",
    "precio_unitario": "1,95 €",
    "precio_por_unidad": "(15,60 €/kg)",
    "imagen": "https://www.dia.es/product_images/295267/295267_ISO_0_ES.jpg?imwidth=392"
  },
  {
    "categoria": "Caramelos, chicles y golosinas",
    "nombre": "Golosinas tropical mix Vidal bolsa 180 g",
    "precio_unitario": "2,25 €",
    "precio_por_unidad": "(12,50 €/kg)",
    "imagen": "https://www.dia.es/product_images/295031/295031_ISO_0_ES.jpg?imwidth=392"
  },
  {
    "categoria": "Caramelos, chicles y golosinas",
    "nombre": "Golosinas favoritos fusión Haribo bolsa 150 g",
    "precio_unitario": "1,49 €",
    "precio_por_unidad": "(9,93 €/kg)",
    "imagen": "https://www.dia.es/product_images/293709/293709_ISO_0_ES.jpg?imwidth=392"
  },
  {
    "categoria": "Caramelos, chicles y golosinas",
    "nombre": "Golosinas funiverse mix Trolli bolsa 100 g",
    "precio_unitario": "1,09 €",
    "precio_por_unidad": "(10,90 €/kg)",
    "imagen": "https://www.dia.es/product_images/293150/293150_ISO_0_ES.jpg?imwidth=392"
  },
  {
    "categoria": "Caramelos, chicles y golosinas",
    "nombre": "Caramelos de jengibre sin azúcar bolsa 100 g",
    "precio_unitario": "1,25 €",
    "precio_por_unidad": "(12,50 €/kg)",
    "imagen": "https://www.dia.es/product_images/292862/292862_ISO_0_ES.jpg?imwidth=392"
  },
  {
    "categoria": "Caramelos, chicles y golosinas",
    "nombre": "Caramelos rellenos de miel Villa bolsa 100 g",
    "precio_unitario": "0,75 €",
    "precio_por_unidad": "(7,50 €/kg)",
    "imagen": "https://www.dia.es/product_images/291770/291770_ISO_0_ES.jpg?imwidth=392"
  },
  {
    "categoria": "Caramelos, chicles y golosinas",
    "nombre": "Regaliz negro mega torcidas Haribo bolsa 160 g",
    "precio_unitario": "1,99 €",
    "precio_por_unidad": "(12,44 €/kg)",
    "imagen": "https://www.dia.es/product_images/291561/291561_ISO_0_ES.jpg?imwidth=392"
  },
  {
    "categoria": "Caramelos, chicles y golosinas",
    "nombre": "Golosinas mini mix Vidal bolsa 75 g",
    "precio_unitario": "1,09 €",
    "precio_por_unidad": "(14,53 €/kg)",
    "imagen": "https://www.dia.es/product_images/291304/291304_ISO_0_ES.jpg?imwidth=392"
  },
  {
    "categoria": "Caramelos, chicles y golosinas",
    "nombre": "Golosinas fresas rellenas Vidal bolsa 180 g",
    "precio_unitario": "2,25 €",
    "precio_por_unidad": "(12,50 €/kg)",
    "imagen": "https://www.dia.es/product_images/291303/291303_ISO_0_ES.jpg?imwidth=392"
  },
  {
    "categoria": "Caramelos, chicles y golosinas",
    "nombre": "Regaliz sabor nata fresa Fini caja 290 g",
    "precio_unitario": "2,99 €",
    "precio_por_unidad": "(10,31 €/kg)",
    "imagen": "https://www.dia.es/product_images/289704/289704_ISO_0_ES.jpg?imwidth=392"
  },
  {
    "categoria": "Caramelos, chicles y golosinas",
    "nombre": "Caramelo con palo play xxl Chupa Chups 1 unidad",
    "precio_unitario": "0,75 €",
    "precio_por_unidad": "(0,75 €/ud)",
    "imagen": "https://www.dia.es/product_images/286718/286718_ISO_0_ES.jpg?imwidth=392"
  },
  {
    "categoria": "Caramelos, chicles y golosinas",
    "nombre": "Caramelos de fresa sin azúcar Smint caja 105 g",
    "precio_unitario": "4,90 €",
    "precio_por_unidad": "(46,67 €/kg)",
    "imagen": "https://www.dia.es/product_images/286717/286717_ISO_0_ES.jpg?imwidth=392"
  },
  {
    "categoria": "Caramelos, chicles y golosinas",
    "nombre": "Golosinas lenguas sour Chupa Chups bolsa 145 g",
    "precio_unitario": "2,35 €",
    "precio_por_unidad": "(16,21 €/kg)",
    "imagen": "https://www.dia.es/product_images/284716/284716_ISO_0_ES.jpg?imwidth=392"
  },
  {
    "categoria": "Caramelos, chicles y golosinas",
    "nombre": "Caramelo comprimido Pez blister 26 g",
    "precio_unitario": "1,99 €",
    "precio_por_unidad": "(76,54 €/kg)",
    "imagen": "https://www.dia.es/product_images/28443/28443_ISO_0_ES.jpg?imwidth=392"
  },
  {
    "categoria": "Caramelos, chicles y golosinas",
    "nombre": "Regaliz rojo surtido sensation red mix Fini bolsa 165 g",
    "precio_unitario": "2,19 €",
    "precio_por_unidad": "(13,27 €/kg)",
    "imagen": "https://www.dia.es/product_images/282576/282576_ISO_0_ES.jpg?imwidth=392"
  },
  {
    "categoria": "Caramelos, chicles y golosinas",
    "nombre": "Golosinas besos de fresa Trolli bolsa 100 g",
    "precio_unitario": "1,09 €",
    "precio_por_unidad": "(10,90 €/kg)",
    "imagen": "https://www.dia.es/product_images/280275/280275_ISO_0_ES.jpg?imwidth=392"
  },
  {
    "categoria": "Caramelos, chicles y golosinas",
    "nombre": "Golosinas pulpos pica pica Trolli bolsa 100 g",
    "precio_unitario": "1,09 €",
    "precio_por_unidad": "(10,90 €/kg)",
    "imagen": "https://www.dia.es/product_images/280179/280179_ISO_0_ES.jpg?imwidth=392"
  },
  {
    "categoria": "Caramelos, chicles y golosinas",
    "nombre": "Chicles sabor menta 60 minutos Trident bolsa 39.6 g",
    "precio_unitario": "1,69 €",
    "precio_por_unidad": "(42,68 €/kg)",
    "imagen": "https://www.dia.es/product_images/278214/278214_ISO_0_ES.jpg?imwidth=392"
  },
  {
    "categoria": "Caramelos, chicles y golosinas",
    "nombre": "Chicles sabor hierbabuena 60 minutos Trident bolsa 39.6 g",
    "precio_unitario": "1,69 €",
    "precio_por_unidad": "(42,68 €/kg)",
    "imagen": "https://www.dia.es/product_images/278213/278213_ISO_0_ES.jpg?imwidth=392"
  },
  {
    "categoria": "Caramelos, chicles y golosinas",
    "nombre": "Gominolas surtidas adorno de navidad Nickelodeon caja 20 g (modelos diferentes)",
    "precio_unitario": "1,99 €",
    "precio_por_unidad": "(99,50 €/kg)",
    "imagen": "https://www.dia.es/product_images/277523/277523_ISO_0_ES.jpg?imwidth=392"
  },
  {
    "categoria": "Caramelos, chicles y golosinas",
    "nombre": "Golosinas dinorex Trolli bolsa 100 g",
    "precio_unitario": "1,09 €",
    "precio_por_unidad": "(10,90 €/kg)",
    "imagen": "https://www.dia.es/product_images/275889/275889_ISO_0_ES.jpg?imwidth=392"
  },
  {
    "categoria": "Caramelos, chicles y golosinas",
    "nombre": "Caramelos de peppermint sin azúcar Smint caja 105 g",
    "precio_unitario": "4,90 €",
    "precio_por_unidad": "(46,67 €/kg)",
    "imagen": "https://www.dia.es/product_images/274450/274450_ISO_0_ES.jpg?imwidth=392"
  },
  {
    "categoria": "Caramelos, chicles y golosinas",
    "nombre": "Chicles sabor menta sin azúcar Trident bolsa 44 g",
    "precio_unitario": "1,39 €",
    "precio_por_unidad": "(31,59 €/kg)",
    "imagen": "https://www.dia.es/product_images/274383/274383_ISO_0_ES.jpg?imwidth=392"
  },
  {
    "categoria": "Caramelos, chicles y golosinas",
    "nombre": "Caramelos con palo flavour playlist xxl Chupa Chups bolsa 145 g",
    "precio_unitario": "3,65 €",
    "precio_por_unidad": "(25,17 €/kg)",
    "imagen": "https://www.dia.es/product_images/274324/274324_ISO_0_ES.jpg?imwidth=392"
  },
  {
    "categoria": "Caramelos, chicles y golosinas",
    "nombre": "Golosinas torcidas rellenas de pica pica Fini bolsa 165 g",
    "precio_unitario": "2,09 €",
    "precio_por_unidad": "(12,67 €/kg)",
    "imagen": "https://www.dia.es/product_images/272844/272844_ISO_0_ES.jpg?imwidth=392"
  },
  {
    "categoria": "Caramelos, chicles y golosinas",
    "nombre": "Golosinas sour boom mix Fini bolsa 165 g",
    "precio_unitario": "2,15 €",
    "precio_por_unidad": "(13,03 €/kg)",
    "imagen": "https://www.dia.es/product_images/272843/272843_ISO_0_ES.jpg?imwidth=392"
  },
  {
    "categoria": "Caramelos, chicles y golosinas",
    "nombre": "Chicles de fresa sin azúcar Iceberg de Dia bote 70 unidades",
    "precio_unitario": "1,95 €",
    "precio_por_unidad": "(0,03 €/ud)",
    "imagen": "https://www.dia.es/product_images/271744/271744_ISO_0_ES.jpg?imwidth=392"
  },
  {
    "categoria": "Caramelos, chicles y golosinas",
    "nombre": "Surtido de golosinas en mini bolsitas Marcelo Caramelo de Dia bolsa 280 g",
    "precio_unitario": "2,35 €",
    "precio_por_unidad": "(8,39 €/kg)",
    "imagen": "https://www.dia.es/product_images/271647/271647_ISO_0_ES.jpg?imwidth=392"
  },
  {
    "categoria": "Caramelos, chicles y golosinas",
    "nombre": "Caramelos de limón y miel Mentolin bolsa 100 g",
    "precio_unitario": "1,29 €",
    "precio_por_unidad": "(12,90 €/kg)",
    "imagen": "https://www.dia.es/product_images/271237/271237_ISO_0_ES.jpg?imwidth=392"
  },
  {
    "categoria": "Caramelos, chicles y golosinas",
    "nombre": "Caramelos surtidos sabor frutas Pictolin bolsa 480 g",
    "precio_unitario": "2,99 €",
    "precio_por_unidad": "(6,23 €/kg)",
    "imagen": "https://www.dia.es/product_images/270411/270411_ISO_0_ES.jpg?imwidth=392"
  },
  {
    "categoria": "Caramelos, chicles y golosinas",
    "nombre": "Chicles sabor sandí­a sin azúcar Iceberg de Dia bolsa 44.8 g",
    "precio_unitario": "0,99 €",
    "precio_por_unidad": "(22,10 €/kg)",
    "imagen": "https://www.dia.es/product_images/267968/267968_ISO_0_ES.jpg?imwidth=392"
  },
  {
    "categoria": "Caramelos, chicles y golosinas",
    "nombre": "Chicles sabor menta fuerte sin azúcar Iceberg de Dia bolsa 44.8 g",
    "precio_unitario": "0,99 €",
    "precio_por_unidad": "(22,10 €/kg)",
    "imagen": "https://www.dia.es/product_images/267967/267967_ISO_0_ES.jpg?imwidth=392"
  },
  {
    "categoria": "Caramelos, chicles y golosinas",
    "nombre": "Chicles sabor fresa sin azúcar Iceberg de Dia bolsa 44.8 g",
    "precio_unitario": "0,99 €",
    "precio_por_unidad": "(22,10 €/kg)",
    "imagen": "https://www.dia.es/product_images/267966/267966_ISO_0_ES.jpg?imwidth=392"
  },
  {
    "categoria": "Caramelos, chicles y golosinas",
    "nombre": "Golosinas pop eye Trolli bolsa 75 g",
    "precio_unitario": "1,65 €",
    "precio_por_unidad": "(22,00 €/kg)",
    "imagen": "https://www.dia.es/product_images/267537/267537_ISO_0_ES.jpg?imwidth=392"
  },
  {
    "categoria": "Caramelos, chicles y golosinas",
    "nombre": "Chicle sabor fresa maxiroll Boomer caja 56 g",
    "precio_unitario": "2,79 €",
    "precio_por_unidad": "(49,82 €/kg)",
    "imagen": "https://www.dia.es/product_images/25965/25965_ISO_0_ES.jpg?imwidth=392"
  },
  {
    "categoria": "Caramelos, chicles y golosinas",
    "nombre": "Roll frutas pack caramelos masticables sabor frutas paquete Mentos bolsa 2 x 38 g",
    "precio_unitario": "1,99 €",
    "precio_por_unidad": "(26,18 €/kg)",
    "imagen": "https://www.dia.es/product_images/257843/257843_ISO_0_ES.jpg?imwidth=392"
  },
  {
    "categoria": "Caramelos, chicles y golosinas",
    "nombre": "Chicles sabor fresa Bubbaloo bolsa 38 g",
    "precio_unitario": "1,19 €",
    "precio_por_unidad": "(31,32 €/kg)",
    "imagen": "https://www.dia.es/product_images/255835/255835_ISO_0_ES.jpg?imwidth=392"
  },
  {
    "categoria": "Caramelos, chicles y golosinas",
    "nombre": "Golosinas jelly Dulciora Gummys bolsa 100 g",
    "precio_unitario": "1,69 €",
    "precio_por_unidad": "(16,90 €/kg)",
    "imagen": "https://www.dia.es/product_images/25102/25102_ISO_0_ES.jpg?imwidth=392"
  },
  {
    "categoria": "Caramelos, chicles y golosinas",
    "nombre": "Cono chuches celebración sin gluten Midel bolsa 1 unidad",
    "precio_unitario": "1,25 €",
    "precio_por_unidad": "(1,25 €/ud)",
    "imagen": "https://www.dia.es/product_images/249986/249986_ISO_0_ES.jpg?imwidth=392"
  },
  {
    "categoria": "Caramelos, chicles y golosinas",
    "nombre": "Caramelos de limón y melisa Mentolin caja 20 g",
    "precio_unitario": "1,05 €",
    "precio_por_unidad": "(52,50 €/kg)",
    "imagen": "https://www.dia.es/product_images/246007/246007_ISO_0_ES.jpg?imwidth=392"
  },
  {
    "categoria": "Caramelos, chicles y golosinas",
    "nombre": "Caramelos sabor café expresso Solano bolsa 99 g",
    "precio_unitario": "3,49 €",
    "precio_por_unidad": "(35,25 €/kg)",
    "imagen": "https://www.dia.es/product_images/243907/243907_ISO_0_ES.jpg?imwidth=392"
  },
  {
    "categoria": "Caramelos, chicles y golosinas",
    "nombre": "Caramelos masticables fruit mix Mentos bolsa 160 g",
    "precio_unitario": "2,50 €",
    "precio_por_unidad": "(15,63 €/kg)",
    "imagen": "https://www.dia.es/product_images/243268/243268_ISO_0_ES.jpg?imwidth=392"
  },
  {
    "categoria": "Caramelos, chicles y golosinas",
    "nombre": "Caramelo de goma uvas de la suerte Migueláñez blister 25 g",
    "precio_unitario": "1,50 €",
    "precio_por_unidad": "(60,00 €/kg)",
    "imagen": "https://www.dia.es/product_images/240909/240909_ISO_0_ES.jpg?imwidth=392"
  },
  {
    "categoria": "Caramelos, chicles y golosinas",
    "nombre": "Chicles sabor sandía sin azúcar Trident caja 23 g",
    "precio_unitario": "1,39 €",
    "precio_por_unidad": "(60,43 €/kg)",
    "imagen": "https://www.dia.es/product_images/240682/240682_ISO_0_ES.jpg?imwidth=392"
  },
  {
    "categoria": "Caramelos, chicles y golosinas",
    "nombre": "Chicles sabor hierbabuena sin azúcar Trident caja 23 g",
    "precio_unitario": "1,19 €",
    "precio_por_unidad": "(51,74 €/kg)",
    "imagen": "https://www.dia.es/product_images/240680/240680_ISO_0_ES.jpg?imwidth=392"
  },
  {
    "categoria": "Caramelos, chicles y golosinas",
    "nombre": "Caramelos tradicionales Solano bolsa 99 g",
    "precio_unitario": "3,49 €",
    "precio_por_unidad": "(35,25 €/kg)",
    "imagen": "https://www.dia.es/product_images/238516/238516_ISO_0_ES.jpg?imwidth=392"
  },
  {
    "categoria": "Caramelos, chicles y golosinas",
    "nombre": "Polos para congelar sin azúcar Kelia bolsa 540 ml",
    "precio_unitario": "0,99 €",
    "precio_por_unidad": "(1,83 €/L)",
    "imagen": "https://www.dia.es/product_images/236192/236192_ISO_0_ES.jpg?imwidth=392"
  },
  {
    "categoria": "Caramelos, chicles y golosinas",
    "nombre": "Golosinas favoritos classic Haribo bolsa 150 g",
    "precio_unitario": "1,49 €",
    "precio_por_unidad": "(9,93 €/kg)",
    "imagen": "https://www.dia.es/product_images/234196/234196_ISO_0_ES.jpg?imwidth=392"
  },
  {
    "categoria": "Caramelos, chicles y golosinas",
    "nombre": "Golosinas gatos sabor regaliz Trolli bolsa 100 g",
    "precio_unitario": "1,05 €",
    "precio_por_unidad": "(10,50 €/kg)",
    "imagen": "https://www.dia.es/product_images/231490/231490_ISO_0_ES.jpg?imwidth=392"
  },
  {
    "categoria": "Caramelos, chicles y golosinas",
    "nombre": "Regaliz de goma torcidas rellenas Fini bolsa 125 g",
    "precio_unitario": "1,09 €",
    "precio_por_unidad": "(8,72 €/kg)",
    "imagen": "https://www.dia.es/product_images/230582/230582_ISO_0_ES.jpg?imwidth=392"
  },
  {
    "categoria": "Caramelos, chicles y golosinas",
    "nombre": "Golosinas mini burger Trolli bolsa 50 g",
    "precio_unitario": "1,19 €",
    "precio_por_unidad": "(23,80 €/kg)",
    "imagen": "https://www.dia.es/product_images/227495/227495_ISO_0_ES.jpg?imwidth=392"
  },
  {
    "categoria": "Caramelos, chicles y golosinas",
    "nombre": "Golosinas smile kit Fini bolsa 90 g",
    "precio_unitario": "1,00 €",
    "precio_por_unidad": "(11,11 €/kg)",
    "imagen": "https://www.dia.es/product_images/225077/225077_ISO_0_ES.jpg?imwidth=392"
  },
  {
    "categoria": "Caramelos, chicles y golosinas",
    "nombre": "Golosinas de fresas con nata Fini bolsa 75 g",
    "precio_unitario": "1,05 €",
    "precio_por_unidad": "(14,00 €/kg)",
    "imagen": "https://www.dia.es/product_images/224975/224975_ISO_0_ES.jpg?imwidth=392"
  },
  {
    "categoria": "Caramelos, chicles y golosinas",
    "nombre": "Caramelos de frutos rojos sin azúcar Smint lata 35 g",
    "precio_unitario": "2,35 €",
    "precio_por_unidad": "(67,14 €/kg)",
    "imagen": "https://www.dia.es/product_images/222438/222438_ISO_0_ES.jpg?imwidth=392"
  },
  {
    "categoria": "Caramelos, chicles y golosinas",
    "nombre": "Golosinas pica mix Marcelo Caramelo de Dia bolsa 200 g",
    "precio_unitario": "1,69 €",
    "precio_por_unidad": "(8,45 €/kg)",
    "imagen": "https://www.dia.es/product_images/222325/222325_ISO_0_ES.jpg?imwidth=392"
  },
  {
    "categoria": "Caramelos, chicles y golosinas",
    "nombre": "Caramelos clásicos de toffee con chocolate Werther's bolsa 120 g",
    "precio_unitario": "2,15 €",
    "precio_por_unidad": "(17,92 €/kg)",
    "imagen": "https://www.dia.es/product_images/212331/212331_ISO_0_ES.jpg?imwidth=392"
  },
  {
    "categoria": "Caramelos, chicles y golosinas",
    "nombre": "Golosinas mega-roulette Haribo bolsa 45 g",
    "precio_unitario": "1,09 €",
    "precio_por_unidad": "(24,22 €/kg)",
    "imagen": "https://www.dia.es/product_images/210824/210824_ISO_0_ES.jpg?imwidth=392"
  },
  {
    "categoria": "Caramelos, chicles y golosinas",
    "nombre": "Golosinas beans Fini bolsa 165 g",
    "precio_unitario": "1,89 €",
    "precio_por_unidad": "(11,45 €/kg)",
    "imagen": "https://www.dia.es/product_images/204478/204478_ISO_0_ES.jpg?imwidth=392"
  },
  {
    "categoria": "Caramelos, chicles y golosinas",
    "nombre": "Chicles sabor hierbabuena 60 minutos Trident bote 68.2 g",
    "precio_unitario": "3,29 €",
    "precio_por_unidad": "(48,24 €/kg)",
    "imagen": "https://www.dia.es/product_images/198286/198286_ISO_0_ES.jpg?imwidth=392"
  },
  {
    "categoria": "Caramelos, chicles y golosinas",
    "nombre": "Golosinas de regaliz black edition Haribo bolsa 150 g",
    "precio_unitario": "1,49 €",
    "precio_por_unidad": "(9,93 €/kg)",
    "imagen": "https://www.dia.es/product_images/198262/198262_ISO_0_ES.jpg?imwidth=392"
  },
  {
    "categoria": "Caramelos, chicles y golosinas",
    "nombre": "Golosinas favoritos pica Haribo bolsa 150 g",
    "precio_unitario": "1,49 €",
    "precio_por_unidad": "(9,93 €/kg)",
    "imagen": "https://www.dia.es/product_images/196077/196077_ISO_0_ES.jpg?imwidth=392"
  },
  {
    "categoria": "Caramelos, chicles y golosinas",
    "nombre": "Caramelos masticables sabor fruta Skittles bolsa 174 g",
    "precio_unitario": "3,35 €",
    "precio_por_unidad": "(19,25 €/kg)",
    "imagen": "https://www.dia.es/product_images/194763/194763_ISO_0_ES.jpg?imwidth=392"
  },
  {
    "categoria": "Caramelos, chicles y golosinas",
    "nombre": "Golosinas jelly cola Fini bolsa 100 g",
    "precio_unitario": "1,15 €",
    "precio_por_unidad": "(11,50 €/kg)",
    "imagen": "https://www.dia.es/product_images/194711/194711_ISO_0_ES.jpg?imwidth=392"
  },
  {
    "categoria": "Caramelos, chicles y golosinas",
    "nombre": "Golosinas selection mix Fini bolsa 150 g",
    "precio_unitario": "1,89 €",
    "precio_por_unidad": "(12,60 €/kg)",
    "imagen": "https://www.dia.es/product_images/189203/189203_ISO_0_ES.jpg?imwidth=392"
  },
  {
    "categoria": "Caramelos, chicles y golosinas",
    "nombre": "Golosinas funky mix Haribo bolsa 150 g",
    "precio_unitario": "1,49 €",
    "precio_por_unidad": "(9,93 €/kg)",
    "imagen": "https://www.dia.es/product_images/188689/188689_ISO_0_ES.jpg?imwidth=392"
  },
  {
    "categoria": "Caramelos, chicles y golosinas",
    "nombre": "Golosinas favoritos red&white Haribo bolsa 150 g",
    "precio_unitario": "1,49 €",
    "precio_por_unidad": "(9,93 €/kg)",
    "imagen": "https://www.dia.es/product_images/188688/188688_ISO_0_ES.jpg?imwidth=392"
  },
  {
    "categoria": "Caramelos, chicles y golosinas",
    "nombre": "Caramelos de limón y mentol Respiral bolsa 150 g",
    "precio_unitario": "1,95 €",
    "precio_por_unidad": "(13,00 €/kg)",
    "imagen": "https://www.dia.es/product_images/188068/188068_ISO_0_ES.jpg?imwidth=392"
  },
  {
    "categoria": "Caramelos, chicles y golosinas",
    "nombre": "Bolsa de golosinas happy party Fini bolsa 250 g",
    "precio_unitario": "2,69 €",
    "precio_por_unidad": "(10,76 €/kg)",
    "imagen": "https://www.dia.es/product_images/183104/183104_ISO_0_ES.jpg?imwidth=392"
  },
  {
    "categoria": "Caramelos, chicles y golosinas",
    "nombre": "Mini caramelos con palo varios sabores Chupa Chups bolsa 120 g",
    "precio_unitario": "2,55 €",
    "precio_por_unidad": "(21,25 €/kg)",
    "imagen": "https://www.dia.es/product_images/181837/181837_ISO_0_ES.jpg?imwidth=392"
  },
  {
    "categoria": "Caramelos, chicles y golosinas",
    "nombre": "Golosinas sugar shuffle Fini bolsa 165 g",
    "precio_unitario": "1,69 €",
    "precio_por_unidad": "(10,24 €/kg)",
    "imagen": "https://www.dia.es/product_images/180712/180712_ISO_0_ES.jpg?imwidth=392"
  },
  {
    "categoria": "Caramelos, chicles y golosinas",
    "nombre": "Caramelos de limón sin azúcar Smint lata 35 g",
    "precio_unitario": "2,35 €",
    "precio_por_unidad": "(67,14 €/kg)",
    "imagen": "https://www.dia.es/product_images/180639/180639_ISO_0_ES.jpg?imwidth=392"
  },
  {
    "categoria": "Caramelos, chicles y golosinas",
    "nombre": "Pastillas de menta sin azúcar Smint caja 8 g",
    "precio_unitario": "1,95 €",
    "precio_por_unidad": "(243,75 €/kg)",
    "imagen": "https://www.dia.es/product_images/17951/17951_ISO_0_ES.jpg?imwidth=392"
  },
  {
    "categoria": "Caramelos, chicles y golosinas",
    "nombre": "Chicles sabor hierbabuena sin azúcar Trident bolsa 43 g",
    "precio_unitario": "1,39 €",
    "precio_por_unidad": "(32,33 €/kg)",
    "imagen": "https://www.dia.es/product_images/179257/179257_ISO_0_ES.jpg?imwidth=392"
  },
  {
    "categoria": "Caramelos, chicles y golosinas",
    "nombre": "Chicles sabor bubblemint sin azúcar Orbit bolsa 5 unidades",
    "precio_unitario": "3,85 €",
    "precio_por_unidad": "(0,77 €/ud)",
    "imagen": "https://www.dia.es/product_images/178074/178074_ISO_0_ES.jpg?imwidth=392"
  },
  {
    "categoria": "Caramelos, chicles y golosinas",
    "nombre": "Caramelos sabor menta extra fuerte Halls bolsa 2 x 32 g",
    "precio_unitario": "1,99 €",
    "precio_por_unidad": "(31,09 €/kg)",
    "imagen": "https://www.dia.es/product_images/174430/174430_ISO_0_ES.jpg?imwidth=392"
  },
  {
    "categoria": "Caramelos, chicles y golosinas",
    "nombre": "Caramelo con palo de fresa melody pops Chupa Chups 1 unidad",
    "precio_unitario": "1,00 €",
    "precio_por_unidad": "(1,00 €/ud)",
    "imagen": "https://www.dia.es/product_images/173051/173051_ISO_0_ES.jpg?imwidth=392"
  },
  {
    "categoria": "Caramelos, chicles y golosinas",
    "nombre": "Golosinas spaguetti sabor fresa pika Haribo bolsa 150 g",
    "precio_unitario": "1,49 €",
    "precio_por_unidad": "(9,93 €/kg)",
    "imagen": "https://www.dia.es/product_images/171845/171845_ISO_0_ES.jpg?imwidth=392"
  },
  {
    "categoria": "Caramelos, chicles y golosinas",
    "nombre": "Chicles sabor fresa sin azúcar Trident bolsa 43 g",
    "precio_unitario": "1,39 €",
    "precio_por_unidad": "(32,33 €/kg)",
    "imagen": "https://www.dia.es/product_images/169498/169498_ISO_0_ES.jpg?imwidth=392"
  },
  {
    "categoria": "Caramelos, chicles y golosinas",
    "nombre": "Chicles sabor menta sin azúcar Trident bolsa 43 g",
    "precio_unitario": "1,39 €",
    "precio_por_unidad": "(32,33 €/kg)",
    "imagen": "https://www.dia.es/product_images/169497/169497_ISO_0_ES.jpg?imwidth=392"
  },
  {
    "categoria": "Caramelos, chicles y golosinas",
    "nombre": "Caramelos de eucalipto y menta Iceberg de Dia bolsa 300 g",
    "precio_unitario": "2,19 €",
    "precio_por_unidad": "(7,30 €/kg)",
    "imagen": "https://www.dia.es/product_images/161786/161786_ISO_0_ES.jpg?imwidth=392"
  },
  {
    "categoria": "Caramelos, chicles y golosinas",
    "nombre": "Regaliz negro torcidas Marcelo Caramelo de Dia bolsa 225 g",
    "precio_unitario": "1,09 €",
    "precio_por_unidad": "(4,84 €/kg)",
    "imagen": "https://www.dia.es/product_images/161772/161772_ISO_0_ES.jpg?imwidth=392"
  },
  {
    "categoria": "Caramelos, chicles y golosinas",
    "nombre": "Golosinas lágrimas Marcelo Caramelo de Dia bolsa 250 g",
    "precio_unitario": "1,59 €",
    "precio_por_unidad": "(6,36 €/kg)",
    "imagen": "https://www.dia.es/product_images/161766/161766_ISO_0_ES.jpg?imwidth=392"
  },
  {
    "categoria": "Caramelos, chicles y golosinas",
    "nombre": "Golosinas ositos azucarados Marcelo Caramelo de Dia bolsa 250 g",
    "precio_unitario": "1,59 €",
    "precio_por_unidad": "(6,36 €/kg)",
    "imagen": "https://www.dia.es/product_images/161739/161739_ISO_0_ES.jpg?imwidth=392"
  },
  {
    "categoria": "Caramelos, chicles y golosinas",
    "nombre": "Golosinas favoritos Haribo bolsa 150 g",
    "precio_unitario": "1,49 €",
    "precio_por_unidad": "(9,93 €/kg)",
    "imagen": "https://www.dia.es/product_images/152677/152677_ISO_0_ES.jpg?imwidth=392"
  },
  {
    "categoria": "Caramelos, chicles y golosinas",
    "nombre": "Golosinas starmix Haribo bolsa 150 g",
    "precio_unitario": "1,49 €",
    "precio_por_unidad": "(9,93 €/kg)",
    "imagen": "https://www.dia.es/product_images/152675/152675_ISO_0_ES.jpg?imwidth=392"
  },
  {
    "categoria": "Caramelos, chicles y golosinas",
    "nombre": "Golosinas tropifrutti Haribo bolsa 150 g",
    "precio_unitario": "1,49 €",
    "precio_por_unidad": "(9,93 €/kg)",
    "imagen": "https://www.dia.es/product_images/152674/152674_ISO_0_ES.jpg?imwidth=392"
  },
  {
    "categoria": "Caramelos, chicles y golosinas",
    "nombre": "Caramelos de eucalipto y mentol Respiral bolsa 150 g",
    "precio_unitario": "1,95 €",
    "precio_por_unidad": "(13,00 €/kg)",
    "imagen": "https://www.dia.es/product_images/152517/152517_ISO_0_ES.jpg?imwidth=392"
  },
  {
    "categoria": "Caramelos, chicles y golosinas",
    "nombre": "Caramelos de eucalipto sin azúcar Smint lata 35 g",
    "precio_unitario": "2,35 €",
    "precio_por_unidad": "(67,14 €/kg)",
    "imagen": "https://www.dia.es/product_images/149804/149804_ISO_0_ES.jpg?imwidth=392"
  },
  {
    "categoria": "Caramelos, chicles y golosinas",
    "nombre": "Caramelos de eucalipto sin azúcar Pictolin bolsa 200 g",
    "precio_unitario": "2,35 €",
    "precio_por_unidad": "(11,75 €/kg)",
    "imagen": "https://www.dia.es/product_images/149700/149700_ISO_0_ES.jpg?imwidth=392"
  },
  {
    "categoria": "Caramelos, chicles y golosinas",
    "nombre": "Caramelos de eucalipto Pictolin bolsa 300 g",
    "precio_unitario": "2,59 €",
    "precio_por_unidad": "(8,63 €/kg)",
    "imagen": "https://www.dia.es/product_images/149699/149699_ISO_0_ES.jpg?imwidth=392"
  },
  {
    "categoria": "Caramelos, chicles y golosinas",
    "nombre": "Caramelos sabor miel y limón Halls bolsa 2 x 32 g",
    "precio_unitario": "1,99 €",
    "precio_por_unidad": "(29,70 €/kg)",
    "imagen": "https://www.dia.es/product_images/139219/139219_ISO_0_ES.jpg?imwidth=392"
  },
  {
    "categoria": "Caramelos, chicles y golosinas",
    "nombre": "Caramelos sabor cítricos Halls bolsa 2 x 32 g",
    "precio_unitario": "1,99 €",
    "precio_por_unidad": "(31,09 €/kg)",
    "imagen": "https://www.dia.es/product_images/139218/139218_ISO_0_ES.jpg?imwidth=392"
  },
  {
    "categoria": "Caramelos, chicles y golosinas",
    "nombre": "Caramelos sabor eucalipto Halls bolsa 2 x 32 g",
    "precio_unitario": "1,99 €",
    "precio_por_unidad": "(31,09 €/kg)",
    "imagen": "https://www.dia.es/product_images/139202/139202_ISO_0_ES.jpg?imwidth=392"
  },
  {
    "categoria": "Caramelos, chicles y golosinas",
    "nombre": "Caramelos bubble fresh sin azúcar Smint lata 35 g",
    "precio_unitario": "2,35 €",
    "precio_por_unidad": "(67,14 €/kg)",
    "imagen": "https://www.dia.es/product_images/13503/13503_ISO_0_ES.jpg?imwidth=392"
  },
  {
    "categoria": "Caramelos, chicles y golosinas",
    "nombre": "Caramelos de fresa sin azúcar Smint lata 35 g",
    "precio_unitario": "2,35 €",
    "precio_por_unidad": "(67,14 €/kg)",
    "imagen": "https://www.dia.es/product_images/129694/129694_ISO_0_ES.jpg?imwidth=392"
  },
  {
    "categoria": "Caramelos, chicles y golosinas",
    "nombre": "Regaliz rojo relleno Fini tarrina 290 g",
    "precio_unitario": "2,99 €",
    "precio_por_unidad": "(10,31 €/kg)",
    "imagen": "https://www.dia.es/product_images/126248/126248_ISO_0_ES.jpg?imwidth=392"
  },
  {
    "categoria": "Caramelos, chicles y golosinas",
    "nombre": "Caramelos de menta fresca Lacasa bolsa 250 g",
    "precio_unitario": "2,59 €",
    "precio_por_unidad": "(10,36 €/kg)",
    "imagen": "https://www.dia.es/product_images/124500/124500_ISO_0_ES.jpg?imwidth=392"
  },
  {
    "categoria": "Caramelos, chicles y golosinas",
    "nombre": "Polo refrescante mix para congelar Marcelo Caramelo de Dia bolsa 600 ml",
    "precio_unitario": "1,45 €",
    "precio_por_unidad": "(2,42 €/L)",
    "imagen": "https://www.dia.es/product_images/120001/120001_ISO_0_ES.jpg?imwidth=392"
  },
  {
    "categoria": "Caramelos, chicles y golosinas",
    "nombre": "Caramelos de peppermint sin azúcar Smint lata 35 g",
    "precio_unitario": "2,35 €",
    "precio_por_unidad": "(67,14 €/kg)",
    "imagen": "https://www.dia.es/product_images/118248/118248_ISO_0_ES.jpg?imwidth=392"
  },
  {
    "categoria": "Caramelos, chicles y golosinas",
    "nombre": "Chicle grageas sabor menta fuerte Orbit bolsa 5 unidades",
    "precio_unitario": "3,69 €",
    "precio_por_unidad": "(0,74 €/ud)",
    "imagen": "https://www.dia.es/product_images/116091/116091_ISO_0_ES.jpg?imwidth=392"
  },
  {
    "categoria": "Caramelos, chicles y golosinas",
    "nombre": "Caramelos masticables de frutas Sugus bolsa 150 g",
    "precio_unitario": "2,99 €",
    "precio_por_unidad": "(19,93 €/kg)",
    "imagen": "https://www.dia.es/product_images/10398/10398_ISO_0_ES.jpg?imwidth=392"
  },
  {
    "categoria": "Galletas",
    "nombre": "Galletas dorada maría Galleteca de Dia paquete 800 g",
    "precio_unitario": "1,45 €",
    "precio_por_unidad": "(1,81 €/kg)",
    "imagen": "https://www.dia.es/product_images/149293/149293_ISO_0_ES.jpg?imwidth=392"
  },
  {
    "categoria": "Galletas",
    "nombre": "Galletas rellenas de crema de chocolate Galleteca de Dia paquete 500 g",
    "precio_unitario": "1,25 €",
    "precio_por_unidad": "(2,50 €/kg)",
    "imagen": "https://www.dia.es/product_images/32812/32812_ISO_0_ES.jpg?imwidth=392"
  },
  {
    "categoria": "Galletas",
    "nombre": "Galletas tostaditas Galleteca de Dia caja 600 g",
    "precio_unitario": "1,50 €",
    "precio_por_unidad": "(2,50 €/kg)",
    "imagen": "https://www.dia.es/product_images/206129/206129_ISO_0_ES.jpg?imwidth=392"
  },
  {
    "categoria": "Galletas",
    "nombre": "Galletas de cacao rellenas de crema Galleteca de Dia caja 220 g",
    "precio_unitario": "1,05 €",
    "precio_por_unidad": "(4,77 €/kg)",
    "imagen": "https://www.dia.es/product_images/220174/220174_ISO_0_ES.jpg?imwidth=392"
  },
  {
    "categoria": "Galletas",
    "nombre": "Galletas relieve Galleteca de Dia caja 735 g",
    "precio_unitario": "1,65 €",
    "precio_por_unidad": "(2,24 €/kg)",
    "imagen": "https://www.dia.es/product_images/12008/12008_ISO_0_ES.jpg?imwidth=392"
  },
  {
    "categoria": "Galletas",
    "nombre": "Mini galletas con pepitas de chocolate Galleteca de Dia caja 160 g",
    "precio_unitario": "1,40 €",
    "precio_por_unidad": "(8,75 €/kg)",
    "imagen": "https://www.dia.es/product_images/220178/220178_ISO_0_ES.jpg?imwidth=392"
  },
  {
    "categoria": "Galletas",
    "nombre": "Roscos de galleta con chocolate blanco chocoaros Galleteca de Dia bolsa 128 g",
    "precio_unitario": "0,95 €",
    "precio_por_unidad": "(7,42 €/kg)",
    "imagen": "https://www.dia.es/product_images/13068/13068_ISO_0_ES.jpg?imwidth=392"
  },
  {
    "categoria": "Galletas",
    "nombre": "Galletas cubiertas de chocolate con leche Galleteca de Dia caja 150 g",
    "precio_unitario": "1,40 €",
    "precio_por_unidad": "(9,33 €/kg)",
    "imagen": "https://www.dia.es/product_images/220175/220175_ISO_0_ES.jpg?imwidth=392"
  },
  {
    "categoria": "Galletas",
    "nombre": "Galletas de desayuno Cuétara Tostarica caja 570 g",
    "precio_unitario": "2,99 €",
    "precio_por_unidad": "(5,25 €/kg)",
    "imagen": "https://www.dia.es/product_images/148067/148067_ISO_0_ES.jpg?imwidth=392"
  },
  {
    "categoria": "Galletas",
    "nombre": "Galletas con canela Cuétara Napolitanas caja 426 g",
    "precio_unitario": "2,79 €",
    "precio_por_unidad": "(6,55 €/kg)",
    "imagen": "https://www.dia.es/product_images/296177/296177_ISO_0_ES.jpg?imwidth=392"
  },
  {
    "categoria": "Galletas",
    "nombre": "Galletas digestive Galleteca de Dia caja 800 g",
    "precio_unitario": "1,60 €",
    "precio_por_unidad": "(2,00 €/kg)",
    "imagen": "https://www.dia.es/product_images/83648/83648_ISO_0_ES.jpg?imwidth=392"
  },
  {
    "categoria": "Galletas",
    "nombre": "Galletas tostadas Galleteca de Dia paquete 800 g",
    "precio_unitario": "1,45 €",
    "precio_por_unidad": "(1,81 €/kg)",
    "imagen": "https://www.dia.es/product_images/480/480_ISO_0_ES.jpg?imwidth=392"
  },
  {
    "categoria": "Galletas",
    "nombre": "Galletas con pepitas de chocolate Galleteca de Dia bolsa 225 g",
    "precio_unitario": "1,40 €",
    "precio_por_unidad": "(6,22 €/kg)",
    "imagen": "https://www.dia.es/product_images/110671/110671_ISO_0_ES.jpg?imwidth=392"
  },
  {
    "categoria": "Galletas",
    "nombre": "Galletas digestive con chocolate Galleteca de Dia paquete 300 g",
    "precio_unitario": "1,40 €",
    "precio_por_unidad": "(4,67 €/kg)",
    "imagen": "https://www.dia.es/product_images/10410/10410_ISO_0_ES.jpg?imwidth=392"
  },
  {
    "categoria": "Galletas",
    "nombre": "Mini galletas con pepitas de chocolate Chips Ahoy caja 160 g",
    "precio_unitario": "1,99 €",
    "precio_por_unidad": "(12,44 €/kg)",
    "imagen": "https://www.dia.es/product_images/26136/26136_ISO_0_ES.jpg?imwidth=392"
  },
  {
    "categoria": "Galletas",
    "nombre": "Galletas de cereales con vitaminas Artiach Dinosaurus caja 411 g",
    "precio_unitario": "3,49 €",
    "precio_por_unidad": "(8,49 €/kg)",
    "imagen": "https://www.dia.es/product_images/37967/37967_ISO_0_ES.jpg?imwidth=392"
  },
  {
    "categoria": "Galletas",
    "nombre": "Galletas integrales maría Galleteca de Dia caja 800 g",
    "precio_unitario": "1,45 €",
    "precio_por_unidad": "(1,81 €/kg)",
    "imagen": "https://www.dia.es/product_images/269627/269627_ISO_0_ES.jpg?imwidth=392"
  },
  {
    "categoria": "Galletas",
    "nombre": "Galletas Cuétara Campurrianas caja 755 g",
    "precio_unitario": "3,99 €",
    "precio_por_unidad": "(5,28 €/kg)",
    "imagen": "https://www.dia.es/product_images/458/458_ISO_0_ES.jpg?imwidth=392"
  },
  {
    "categoria": "Galletas",
    "nombre": "Galletas caramelizadas Lotus Biscoff paquete 250 g",
    "precio_unitario": "1,89 €",
    "precio_por_unidad": "(7,56 €/kg)",
    "imagen": "https://www.dia.es/product_images/275425/275425_ISO_0_ES.jpg?imwidth=392"
  },
  {
    "categoria": "Galletas",
    "nombre": "Galletas rellenas de arroz inflado chocolateado Cuétara Flakes caja 520 g",
    "precio_unitario": "3,89 €",
    "precio_por_unidad": "(7,48 €/kg)",
    "imagen": "https://www.dia.es/product_images/169971/169971_ISO_0_ES.jpg?imwidth=392"
  },
  {
    "categoria": "Galletas saladas",
    "nombre": "Galletas saladas Snack Maniac de Dia bolsa 200 g",
    "precio_unitario": "0,95 €",
    "precio_por_unidad": "(4,75 €/kg)",
    "imagen": "https://www.dia.es/product_images/301995/301995_ISO_0_ES.jpg?imwidth=392"
  },
  {
    "categoria": "Galletas saladas",
    "nombre": "Galletas crackers saladas Snack Maniac de Dia bolsa 300 g",
    "precio_unitario": "1,29 €",
    "precio_por_unidad": "(4,30 €/kg)",
    "imagen": "https://www.dia.es/product_images/30330/30330_ISO_0_ES.jpg?imwidth=392"
  },
  {
    "categoria": "Galletas saladas",
    "nombre": "Crackers Tuc bolsa 100 g",
    "precio_unitario": "1,23 €",
    "precio_por_unidad": "(12,30 €/kg)",
    "imagen": "https://www.dia.es/product_images/64411/64411_ISO_0_ES.jpg?imwidth=392"
  },
  {
    "categoria": "Galletas saladas",
    "nombre": "Galletas crackers con sal Gran pavesi bolsa 250 g",
    "precio_unitario": "2,39 €",
    "precio_por_unidad": "(9,56 €/kg)",
    "imagen": "https://www.dia.es/product_images/251045/251045_ISO_0_ES.jpg?imwidth=392"
  },
  {
    "categoria": "Galletas saladas",
    "nombre": "Galletas saladas con aceite de oliva virgen extra Biscuits Galicia bolsa 200 g",
    "precio_unitario": "1,85 €",
    "precio_por_unidad": "(9,25 €/kg)",
    "imagen": "https://www.dia.es/product_images/291364/291364_ISO_0_ES.jpg?imwidth=392"
  },
  {
    "categoria": "Bollería",
    "nombre": "Pan de leche El molino de Dia bolsa 350 g",
    "precio_unitario": "1,00 €",
    "precio_por_unidad": "(2,86 €/kg)",
    "imagen": "https://www.dia.es/product_images/288023/288023_ISO_0_ES.jpg?imwidth=392"
  },
  {
    "categoria": "Bollería",
    "nombre": "Croissants rellenos de cacao y avellanas El molino de Dia bolsa 315 g",
    "precio_unitario": "1,55 €",
    "precio_por_unidad": "(4,92 €/kg)",
    "imagen": "https://www.dia.es/product_images/288022/288022_ISO_0_ES.jpg?imwidth=392"
  },
  {
    "categoria": "Bollería",
    "nombre": "Magdalenas clásicas El molino de Dia bolsa 515 g",
    "precio_unitario": "1,99 €",
    "precio_por_unidad": "(3,86 €/kg)",
    "imagen": "https://www.dia.es/product_images/288020/288020_ISO_0_ES.jpg?imwidth=392"
  },
  {
    "categoria": "Bollería",
    "nombre": "Bocaditos de cacao Mandul bolsa 210 g",
    "precio_unitario": "1,00 €",
    "precio_por_unidad": "(4,76 €/kg)",
    "imagen": "https://www.dia.es/product_images/291299/291299_ISO_0_ES.jpg?imwidth=392"
  },
  {
    "categoria": "Bollería",
    "nombre": "Sobaos El molino de Dia bolsa 350 g",
    "precio_unitario": "1,00 €",
    "precio_por_unidad": "(2,86 €/kg)",
    "imagen": "https://www.dia.es/product_images/54726/54726_ISO_0_ES.jpg?imwidth=392"
  },
  {
    "categoria": "Bollería",
    "nombre": "Croissants El molino de Dia bolsa 390 g",
    "precio_unitario": "1,68 €",
    "precio_por_unidad": "(4,31 €/kg)",
    "imagen": "https://www.dia.es/product_images/288021/288021_ISO_0_ES.jpg?imwidth=392"
  },
  {
    "categoria": "Bollería",
    "nombre": "Rosquillas glaseadas El molino de Dia caja 208 g",
    "precio_unitario": "1,69 €",
    "precio_por_unidad": "(8,13 €/kg)",
    "imagen": "https://www.dia.es/product_images/16103/16103_ISO_0_ES.jpg?imwidth=392"
  },
  {
    "categoria": "Bollería",
    "nombre": "Napolitanas rellenas de crema de cacao El molino de Dia bolsa 270 g",
    "precio_unitario": "1,31 €",
    "precio_por_unidad": "(4,85 €/kg)",
    "imagen": "https://www.dia.es/product_images/127308/127308_ISO_0_ES.jpg?imwidth=392"
  },
  {
    "categoria": "Bollería",
    "nombre": "Palmeritas El molino de Dia bandeja 245 g",
    "precio_unitario": "1,59 €",
    "precio_por_unidad": "(6,49 €/kg)",
    "imagen": "https://www.dia.es/product_images/82569/82569_ISO_0_ES.jpg?imwidth=392"
  },
  {
    "categoria": "Bollería",
    "nombre": "Hojaldre de Astorga El molino de Dia bandeja 180 g",
    "precio_unitario": "1,00 €",
    "precio_por_unidad": "(5,56 €/kg)",
    "imagen": "https://www.dia.es/product_images/287689/287689_ISO_0_ES.jpg?imwidth=392"
  },
  {
    "categoria": "Bollería",
    "nombre": "Rosquillas de chocolate El molino de Dia bandeja 240 g",
    "precio_unitario": "1,79 €",
    "precio_por_unidad": "(7,46 €/kg)",
    "imagen": "https://www.dia.es/product_images/88697/88697_ISO_0_ES.jpg?imwidth=392"
  },
  {
    "categoria": "Bollería",
    "nombre": "Sobaos pequeños El molino de Dia bolsa 340 g",
    "precio_unitario": "1,35 €",
    "precio_por_unidad": "(3,97 €/kg)",
    "imagen": "https://www.dia.es/product_images/220229/220229_ISO_0_ES.jpg?imwidth=392"
  },
  {
    "categoria": "Bollería",
    "nombre": "Magdalenas valencianas El molino de Dia bolsa 350 g",
    "precio_unitario": "1,39 €",
    "precio_por_unidad": "(3,97 €/kg)",
    "imagen": "https://www.dia.es/product_images/105304/105304_ISO_0_ES.jpg?imwidth=392"
  },
  {
    "categoria": "Bollería",
    "nombre": "Briochoco con pepitas de chocolate Dulcesol bolsa 160 g",
    "precio_unitario": "1,00 €",
    "precio_por_unidad": "(6,25 €/kg)",
    "imagen": "https://www.dia.es/product_images/271497/271497_ISO_0_ES.jpg?imwidth=392"
  },
  {
    "categoria": "Bollería",
    "nombre": "Mini croissants con cacao El molino de Dia bolsa 150 g",
    "precio_unitario": "1,19 €",
    "precio_por_unidad": "(7,93 €/kg)",
    "imagen": "https://www.dia.es/product_images/222838/222838_ISO_0_ES.jpg?imwidth=392"
  },
  {
    "categoria": "Bollería",
    "nombre": "Ensaimadas El molino de Dia bolsa 220 g",
    "precio_unitario": "1,19 €",
    "precio_por_unidad": "(5,41 €/kg)",
    "imagen": "https://www.dia.es/product_images/87066/87066_ISO_0_ES.jpg?imwidth=392"
  },
  {
    "categoria": "Bollería",
    "nombre": "Flaminguitos rosas rellenos de crema con leche Dulcesol bolsa 150 g",
    "precio_unitario": "1,00 €",
    "precio_por_unidad": "(6,67 €/kg)",
    "imagen": "https://www.dia.es/product_images/303756/303756_ISO_0_ES.jpg?imwidth=392"
  },
  {
    "categoria": "Bollería",
    "nombre": "Mini brownies de chocolate Dulcesol bolsa 125 g",
    "precio_unitario": "1,00 €",
    "precio_por_unidad": "(8,00 €/kg)",
    "imagen": "https://www.dia.es/product_images/293030/293030_ISO_0_ES.jpg?imwidth=392"
  },
  {
    "categoria": "Bollería",
    "nombre": "Caña rellena de crema bañada en cacao Dulcesol bolsa 153 g",
    "precio_unitario": "1,00 €",
    "precio_por_unidad": "(6,54 €/kg)",
    "imagen": "https://www.dia.es/product_images/271501/271501_ISO_0_ES.jpg?imwidth=392"
  },
  {
    "categoria": "Bollería",
    "nombre": "Rosquillas de azúcar Pelayo bolsa 250 g",
    "precio_unitario": "1,49 €",
    "precio_por_unidad": "(5,96 €/kg)",
    "imagen": "https://www.dia.es/product_images/279899/279899_ISO_0_ES.jpg?imwidth=392"
  },
  {
    "categoria": "Cereales",
    "nombre": "Copos de avena Gran Dia caja 500 g",
    "precio_unitario": "0,95 €",
    "precio_por_unidad": "(1,90 €/kg)",
    "imagen": "https://www.dia.es/product_images/105429/105429_ISO_0_ES.jpg?imwidth=392"
  },
  {
    "categoria": "Cereales",
    "nombre": "Cereales rellenos de leche Gran Dia caja 500 g",
    "precio_unitario": "2,50 €",
    "precio_por_unidad": "(5,00 €/kg)",
    "imagen": "https://www.dia.es/product_images/111278/111278_ISO_0_ES.jpg?imwidth=392"
  },
  {
    "categoria": "Cereales",
    "nombre": "Cereales rellenos con chocolate y avena Gran Dia caja 500 g",
    "precio_unitario": "2,00 €",
    "precio_por_unidad": "(4,00 €/kg)",
    "imagen": "https://www.dia.es/product_images/37184/37184_ISO_0_ES.jpg?imwidth=392"
  },
  {
    "categoria": "Cereales",
    "nombre": "Cereales copos de maíz corn flakes Gran Dia caja 500 g",
    "precio_unitario": "1,45 €",
    "precio_por_unidad": "(2,90 €/kg)",
    "imagen": "https://www.dia.es/product_images/66956/66956_ISO_0_ES.jpg?imwidth=392"
  },
  {
    "categoria": "Cereales",
    "nombre": "Cereales copos de arroz y trigo integral cubiertos de chocolate Gran Dia caja 300 g",
    "precio_unitario": "1,88 €",
    "precio_por_unidad": "(6,27 €/kg)",
    "imagen": "https://www.dia.es/product_images/10545/10545_ISO_0_ES.jpg?imwidth=392"
  },
  {
    "categoria": "Cereales",
    "nombre": "Cereales de pétalos de trigo y chocolate Gran Dia caja 500 g",
    "precio_unitario": "1,90 €",
    "precio_por_unidad": "(3,80 €/kg)",
    "imagen": "https://www.dia.es/product_images/74306/74306_ISO_0_ES.jpg?imwidth=392"
  },
  {
    "categoria": "Cereales",
    "nombre": "Muesli crujiente con chocolate Gran Dia caja 500 g",
    "precio_unitario": "2,45 €",
    "precio_por_unidad": "(4,90 €/kg)",
    "imagen": "https://www.dia.es/product_images/135900/135900_ISO_0_ES.jpg?imwidth=392"
  },
  {
    "categoria": "Cereales",
    "nombre": "Cereales de trigo inflado con miel Gran Dia caja 500 g",
    "precio_unitario": "1,95 €",
    "precio_por_unidad": "(3,90 €/kg)",
    "imagen": "https://www.dia.es/product_images/37190/37190_ISO_0_ES.jpg?imwidth=392"
  },
  {
    "categoria": "Cereales",
    "nombre": "Barritas de cereales con chocolate con leche Gran Dia caja 150 g",
    "precio_unitario": "1,75 €",
    "precio_por_unidad": "(11,67 €/kg)",
    "imagen": "https://www.dia.es/product_images/43947/43947_ISO_0_ES.jpg?imwidth=392"
  },
  {
    "categoria": "Cereales",
    "nombre": "Cereales integrales con chocolate Nestlé Chocapic caja 375 g",
    "precio_unitario": "3,19 €",
    "precio_por_unidad": "(8,51 €/kg)",
    "imagen": "https://www.dia.es/product_images/43106/43106_ISO_0_ES.jpg?imwidth=392"
  },
  {
    "categoria": "Cereales",
    "nombre": "Cereales de arroz inflado con chocolate Gran Dia caja 500 g",
    "precio_unitario": "2,10 €",
    "precio_por_unidad": "(4,20 €/kg)",
    "imagen": "https://www.dia.es/product_images/37199/37199_ISO_0_ES.jpg?imwidth=392"
  },
  {
    "categoria": "Cereales",
    "nombre": "Barritas de cereales con avellanas Gran Dia caja 150 g",
    "precio_unitario": "1,00 €",
    "precio_por_unidad": "(6,67 €/kg)",
    "imagen": "https://www.dia.es/product_images/43948/43948_ISO_0_ES.jpg?imwidth=392"
  },
  {
    "categoria": "Cereales",
    "nombre": "Barritas de cereales plátano y chocolate con leche Gran Dia caja 150 g",
    "precio_unitario": "1,75 €",
    "precio_por_unidad": "(11,67 €/kg)",
    "imagen": "https://www.dia.es/product_images/43949/43949_ISO_0_ES.jpg?imwidth=392"
  },
  {
    "categoria": "Cereales",
    "nombre": "Cereales copos de maíz corn flakes Kellogg's Corn Flakes caja 500 g",
    "precio_unitario": "3,00 €",
    "precio_por_unidad": "(6,00 €/kg)",
    "imagen": "https://www.dia.es/product_images/19372/19372_ISO_0_ES.jpg?imwidth=392"
  },
  {
    "categoria": "Cereales",
    "nombre": "Cereales de arroz inflado Kellogg's Choco Krispies caja 420 g",
    "precio_unitario": "3,55 €",
    "precio_por_unidad": "(8,45 €/kg)",
    "imagen": "https://www.dia.es/product_images/130840/130840_ISO_0_ES.jpg?imwidth=392"
  },
  {
    "categoria": "Cereales",
    "nombre": "Cereales de bolas con chocolate Gran Dia caja 500 g",
    "precio_unitario": "2,15 €",
    "precio_por_unidad": "(4,30 €/kg)",
    "imagen": "https://www.dia.es/product_images/76223/76223_ISO_0_ES.jpg?imwidth=392"
  },
  {
    "categoria": "Cereales",
    "nombre": "Muesli con frutas Gran Dia bolsa 1 Kg",
    "precio_unitario": "2,45 €",
    "precio_por_unidad": "(2,45 €/kg)",
    "imagen": "https://www.dia.es/product_images/37201/37201_ISO_0_ES.jpg?imwidth=392"
  },
  {
    "categoria": "Cereales",
    "nombre": "Cereales de copos de maíz con azúcar Gran Dia caja 500 g",
    "precio_unitario": "2,05 €",
    "precio_por_unidad": "(4,10 €/kg)",
    "imagen": "https://www.dia.es/product_images/37253/37253_ISO_0_ES.jpg?imwidth=392"
  },
  {
    "categoria": "Cereales",
    "nombre": "Cereales copos de trigo integral fibre flakes Gran Dia caja 375 g",
    "precio_unitario": "1,79 €",
    "precio_por_unidad": "(4,77 €/kg)",
    "imagen": "https://www.dia.es/product_images/53222/53222_ISO_0_ES.jpg?imwidth=392"
  },
  {
    "categoria": "Cereales",
    "nombre": "Cereales copos de trigo, arroz y cebada con chocolate negro Gran Dia caja 300 g",
    "precio_unitario": "1,95 €",
    "precio_por_unidad": "(6,50 €/kg)",
    "imagen": "https://www.dia.es/product_images/67929/67929_ISO_0_ES.jpg?imwidth=392"
  },
  {
    "categoria": "Pan de molde, perritos y hamburguesas.",
    "nombre": "Pan de molde formato familiar El molino de Dia bolsa 820 g",
    "precio_unitario": "1,25 €",
    "precio_por_unidad": "(1,52 €/kg)",
    "imagen": "https://www.dia.es/product_images/77955/77955_ISO_0_ES.jpg?imwidth=392"
  },
  {
    "categoria": "Pan de molde, perritos y hamburguesas.",
    "nombre": "Pan de hamburguesa maxi El molino de Dia bolsa 300 g",
    "precio_unitario": "0,90 €",
    "precio_por_unidad": "(3,00 €/kg)",
    "imagen": "https://www.dia.es/product_images/182644/182644_ISO_0_ES.jpg?imwidth=392"
  },
  {
    "categoria": "Pan de molde, perritos y hamburguesas.",
    "nombre": "Pan de molde blanco sin corteza El molino de Dia bolsa 450 g",
    "precio_unitario": "1,20 €",
    "precio_por_unidad": "(2,67 €/kg)",
    "imagen": "https://www.dia.es/product_images/48666/48666_ISO_0_ES.jpg?imwidth=392"
  },
  {
    "categoria": "Pan de molde, perritos y hamburguesas.",
    "nombre": "Pan de molde formato familiar Bimbo bolsa 700 g",
    "precio_unitario": "2,35 €",
    "precio_por_unidad": "(3,36 €/kg)",
    "imagen": "https://www.dia.es/product_images/29778/29778_ISO_0_ES.jpg?imwidth=392"
  },
  {
    "categoria": "Pan de molde, perritos y hamburguesas.",
    "nombre": "Tortillas trigo Al Punto Dia bolsa 320 g",
    "precio_unitario": "1,07 €",
    "precio_por_unidad": "(3,34 €/kg)",
    "imagen": "https://www.dia.es/product_images/13356/13356_ISO_0_ES.jpg?imwidth=392"
  },
  {
    "categoria": "Pan de molde, perritos y hamburguesas.",
    "nombre": "Pan de hamburguesas Bimbo bolsa 300 g",
    "precio_unitario": "2,39 €",
    "precio_por_unidad": "(7,97 €/kg)",
    "imagen": "https://www.dia.es/product_images/66255/66255_ISO_0_ES.jpg?imwidth=392"
  },
  {
    "categoria": "Pan de molde, perritos y hamburguesas.",
    "nombre": "Pan de hamburguesa brioche El molino de Dia bolsa 300 g",
    "precio_unitario": "1,69 €",
    "precio_por_unidad": "(5,63 €/kg)",
    "imagen": "https://www.dia.es/product_images/297060/297060_ISO_0_ES.jpg?imwidth=392"
  },
  {
    "categoria": "Pan de molde, perritos y hamburguesas.",
    "nombre": "Panecillos para perritos El molino de Dia bolsa 330 g",
    "precio_unitario": "0,95 €",
    "precio_por_unidad": "(2,88 €/kg)",
    "imagen": "https://www.dia.es/product_images/40381/40381_ISO_0_ES.jpg?imwidth=392"
  },
  {
    "categoria": "Pan de molde, perritos y hamburguesas.",
    "nombre": "Pan de molde blanco El molino de Dia bolsa 460 g",
    "precio_unitario": "0,85 €",
    "precio_por_unidad": "(1,85 €/kg)",
    "imagen": "https://www.dia.es/product_images/266137/266137_ISO_0_ES.jpg?imwidth=392"
  },
  {
    "categoria": "Pan de molde, perritos y hamburguesas.",
    "nombre": "Pan de molde 100% integral familiar El molino de Dia bolsa 820 g",
    "precio_unitario": "1,25 €",
    "precio_por_unidad": "(1,52 €/kg)",
    "imagen": "https://www.dia.es/product_images/266075/266075_ISO_0_ES.jpg?imwidth=392"
  },
  {
    "categoria": "Pan de molde, perritos y hamburguesas.",
    "nombre": "Pan de molde 100% integral El molino de Dia bolsa 460 g",
    "precio_unitario": "0,95 €",
    "precio_por_unidad": "(2,07 €/kg)",
    "imagen": "https://www.dia.es/product_images/266136/266136_ISO_0_ES.jpg?imwidth=392"
  },
  {
    "categoria": "Pan de molde, perritos y hamburguesas.",
    "nombre": "Pan de molde 100% integral sin corteza El molino de Dia bolsa 450 g",
    "precio_unitario": "1,29 €",
    "precio_por_unidad": "(2,87 €/kg)",
    "imagen": "https://www.dia.es/product_images/74397/74397_ISO_0_ES.jpg?imwidth=392"
  },
  {
    "categoria": "Pan de molde, perritos y hamburguesas.",
    "nombre": "Hogaza de centeno y avena El molino de Dia bolsa 500 g",
    "precio_unitario": "2,05 €",
    "precio_por_unidad": "(4,10 €/kg)",
    "imagen": "https://www.dia.es/product_images/210479/210479_ISO_0_ES.jpg?imwidth=392"
  },
  {
    "categoria": "Pan de molde, perritos y hamburguesas.",
    "nombre": "Hogaza con pipas de calabaza El molino de Dia bolsa 500 g",
    "precio_unitario": "2,05 €",
    "precio_por_unidad": "(4,10 €/kg)",
    "imagen": "https://www.dia.es/product_images/210477/210477_ISO_0_ES.jpg?imwidth=392"
  },
  {
    "categoria": "Pan de molde, perritos y hamburguesas.",
    "nombre": "Pan hot dog rústico El molino de Dia bolsa 330 g",
    "precio_unitario": "1,39 €",
    "precio_por_unidad": "(4,21 €/kg)",
    "imagen": "https://www.dia.es/product_images/297059/297059_ISO_0_ES.jpg?imwidth=392"
  },
  {
    "categoria": "Pan de molde, perritos y hamburguesas.",
    "nombre": "Tortilla integral Al Punto Dia bolsa 320 g",
    "precio_unitario": "1,47 €",
    "precio_por_unidad": "(4,59 €/kg)",
    "imagen": "https://www.dia.es/product_images/285410/285410_ISO_0_ES.jpg?imwidth=392"
  },
  {
    "categoria": "Pan de molde, perritos y hamburguesas.",
    "nombre": "Pan de molde especial tostadas El molino de Dia bolsa 820 g",
    "precio_unitario": "1,79 €",
    "precio_por_unidad": "(2,18 €/kg)",
    "imagen": "https://www.dia.es/product_images/266120/266120_ISO_0_ES.jpg?imwidth=392"
  },
  {
    "categoria": "Pan de molde, perritos y hamburguesas.",
    "nombre": "Pan de molde rústico El molino de Dia bolsa 600 g",
    "precio_unitario": "1,75 €",
    "precio_por_unidad": "(2,92 €/kg)",
    "imagen": "https://www.dia.es/product_images/67431/67431_ISO_0_ES.jpg?imwidth=392"
  },
  {
    "categoria": "Pan de molde, perritos y hamburguesas.",
    "nombre": "Pan de molde alto en proteínas El molino de Dia bolsa 400 g",
    "precio_unitario": "2,19 €",
    "precio_por_unidad": "(5,48 €/kg)",
    "imagen": "https://www.dia.es/product_images/297061/297061_ISO_0_ES.jpg?imwidth=392"
  },
  {
    "categoria": "Pan de molde, perritos y hamburguesas.",
    "nombre": "Pan de hamburguesa El molino de Dia bolsa 220 g",
    "precio_unitario": "0,99 €",
    "precio_por_unidad": "(4,50 €/kg)",
    "imagen": "https://www.dia.es/product_images/40380/40380_ISO_0_ES.jpg?imwidth=392"
  },
  {
    "categoria": "Pan recien horneado",
    "nombre": "Barra de pan El molino de Dia bolsa 250 g",
    "precio_unitario": "0,49 €",
    "precio_por_unidad": "(1,96 €/kg)",
    "imagen": "https://www.dia.es/product_images/38109/38109_ISO_0_ES.jpg?imwidth=392"
  },
  {
    "categoria": "Pan recien horneado",
    "nombre": "Hogaza El molino de Dia bolsa 350 g",
    "precio_unitario": "0,99 €",
    "precio_por_unidad": "(2,83 €/kg)",
    "imagen": "https://www.dia.es/product_images/295264/295264_ISO_0_ES.jpg?imwidth=392"
  },
  {
    "categoria": "Pan recien horneado",
    "nombre": "Barra de pan de picos El molino de Dia bolsa 260 g",
    "precio_unitario": "0,69 €",
    "precio_por_unidad": "(2,65 €/kg)",
    "imagen": "https://www.dia.es/product_images/121237/121237_ISO_0_ES.jpg?imwidth=392"
  },
  {
    "categoria": "Pan recien horneado",
    "nombre": "Barra de pan chapata El molino de Dia bolsa 300 g",
    "precio_unitario": "0,66 €",
    "precio_por_unidad": "(2,20 €/kg)",
    "imagen": "https://www.dia.es/product_images/157982/157982_ISO_0_ES.jpg?imwidth=392"
  },
  {
    "categoria": "Pan recien horneado",
    "nombre": "Barra de pan integral 100% El molino de Dia bolsa 220 g",
    "precio_unitario": "0,60 €",
    "precio_por_unidad": "(2,73 €/kg)",
    "imagen": "https://www.dia.es/product_images/57134/57134_ISO_0_ES.jpg?imwidth=392"
  },
  {
    "categoria": "Pan recien horneado",
    "nombre": "Barra de pan El molino de Dia bolsa 125 g",
    "precio_unitario": "0,28 €",
    "precio_por_unidad": "(2,24 €/kg)",
    "imagen": "https://www.dia.es/product_images/169479/169479_ISO_0_ES.jpg?imwidth=392"
  },
  {
    "categoria": "Pan recien horneado",
    "nombre": "Barra de pan 8 cereales El molino de Dia bolsa 210 g",
    "precio_unitario": "0,87 €",
    "precio_por_unidad": "(4,14 €/kg)",
    "imagen": "https://www.dia.es/product_images/209604/209604_ISO_0_ES.jpg?imwidth=392"
  },
  {
    "categoria": "Pan recien horneado",
    "nombre": "Pan de centeno 100% de masa madre El molino de Dia 450 g",
    "precio_unitario": "0,99 €",
    "precio_por_unidad": "(2,20 €/kg)",
    "imagen": "https://www.dia.es/product_images/291563/291563_ISO_0_ES.jpg?imwidth=392"
  },
  {
    "categoria": "Pan recien horneado",
    "nombre": "Barra de pan baguette El molino de Dia bolsa 250 g",
    "precio_unitario": "0,52 €",
    "precio_por_unidad": "(2,08 €/kg)",
    "imagen": "https://www.dia.es/product_images/40814/40814_ISO_0_ES.jpg?imwidth=392"
  },
  {
    "categoria": "Pan recien horneado",
    "nombre": "Barra de pan picado andaluz El molino de Dia bolsa 130 g",
    "precio_unitario": "0,36 €",
    "precio_por_unidad": "(2,77 €/kg)",
    "imagen": "https://www.dia.es/product_images/117243/117243_ISO_0_ES.jpg?imwidth=392"
  },
  {
    "categoria": "Pan recien horneado",
    "nombre": "Barra de pan peregrina El molino de Dia bolsa 250 g",
    "precio_unitario": "0,73 €",
    "precio_por_unidad": "(2,92 €/kg)",
    "imagen": "https://www.dia.es/product_images/66939/66939_ISO_0_ES.jpg?imwidth=392"
  },
  {
    "categoria": "Pan recien horneado",
    "nombre": "Pan candeal grande El molino de Dia bolsa 500 g",
    "precio_unitario": "1,42 €",
    "precio_por_unidad": "(2,84 €/kg)",
    "imagen": "https://www.dia.es/product_images/185169/185169_ISO_0_ES.jpg?imwidth=392"
  },
  {
    "categoria": "Pan recien horneado",
    "nombre": "Barra de pan baguette con semillas La hornada Dia bolsa 250 g",
    "precio_unitario": "0,91 €",
    "precio_por_unidad": "(3,64 €/kg)",
    "imagen": "https://www.dia.es/product_images/262566/262566_ISO_0_ES.jpg?imwidth=392"
  },
  {
    "categoria": "Pan recien horneado",
    "nombre": "Hogaza de maíz 20% de masa madre El molino de Dia bolsa 330 g",
    "precio_unitario": "1,29 €",
    "precio_por_unidad": "(3,91 €/kg)",
    "imagen": "https://www.dia.es/product_images/300469/300469_ISO_0_ES.jpg?imwidth=392"
  },
  {
    "categoria": "Pan recien horneado",
    "nombre": "Pan viena integral (50%) El molino de Dia 80 g",
    "precio_unitario": "0,26 €",
    "precio_por_unidad": "(3,25 €/kg)",
    "imagen": "https://www.dia.es/product_images/274757/274757_ISO_0_ES.jpg?imwidth=392"
  },
  {
    "categoria": "Pan recien horneado",
    "nombre": "Barra de pan premium El molino de Dia bolsa 430 g",
    "precio_unitario": "0,91 €",
    "precio_por_unidad": "(2,12 €/kg)",
    "imagen": "https://www.dia.es/product_images/262556/262556_ISO_0_ES.jpg?imwidth=392"
  },
  {
    "categoria": "Pan recien horneado",
    "nombre": "Barra de pan espiga 270 g",
    "precio_unitario": "0,77 €",
    "precio_por_unidad": "(2,85 €/kg)",
    "imagen": "https://www.dia.es/product_images/287216/287216_ISO_0_ES.jpg?imwidth=392"
  },
  {
    "categoria": "Pan recien horneado",
    "nombre": "Pan fuente de calcio y vitamina D3 El molino de Dia 110 g",
    "precio_unitario": "0,40 €",
    "precio_por_unidad": "(3,64 €/kg)",
    "imagen": "https://www.dia.es/product_images/249505/249505_ISO_0_ES.jpg?imwidth=392"
  },
  {
    "categoria": "Pan recien horneado",
    "nombre": "Pan de horno de piedra El molino de Dia 600 g",
    "precio_unitario": "1,42 €",
    "precio_por_unidad": "(2,37 €/kg)",
    "imagen": "https://www.dia.es/product_images/284801/284801_ISO_0_ES.jpg?imwidth=392"
  },
  {
    "categoria": "Pan recien horneado",
    "nombre": "Panecillo con quinoa El molino de Dia 100 g",
    "precio_unitario": "0,45 €",
    "precio_por_unidad": "(4,50 €/kg)",
    "imagen": "https://www.dia.es/product_images/244719/244719_ISO_0_ES.jpg?imwidth=392"
  },
  {
    "categoria": "Picos y panes tostados",
    "nombre": "Regañás con aceite de oliva virgen extra El molino de Dia bolsa 150 g",
    "precio_unitario": "1,00 €",
    "precio_por_unidad": "(6,67 €/kg)",
    "imagen": "https://www.dia.es/product_images/166048/166048_ISO_0_ES.jpg?imwidth=392"
  },
  {
    "categoria": "Picos y panes tostados",
    "nombre": "Picos de pan El molino de Dia bolsa 250 g",
    "precio_unitario": "0,85 €",
    "precio_por_unidad": "(3,40 €/kg)",
    "imagen": "https://www.dia.es/product_images/5528/5528_ISO_0_ES.jpg?imwidth=392"
  },
  {
    "categoria": "Picos y panes tostados",
    "nombre": "Biscotes El molino de Dia bolsa 540 g",
    "precio_unitario": "1,95 €",
    "precio_por_unidad": "(3,61 €/kg)",
    "imagen": "https://www.dia.es/product_images/279208/279208_ISO_0_ES.jpg?imwidth=392"
  },
  {
    "categoria": "Picos y panes tostados",
    "nombre": "Picos integrales El molino de Dia bolsa 250 g",
    "precio_unitario": "0,85 €",
    "precio_por_unidad": "(3,40 €/kg)",
    "imagen": "https://www.dia.es/product_images/59304/59304_ISO_0_ES.jpg?imwidth=392"
  },
  {
    "categoria": "Picos y panes tostados",
    "nombre": "Palitos de pan con pipas Naturmundo de Dia bolsa 90 g",
    "precio_unitario": "0,79 €",
    "precio_por_unidad": "(8,78 €/kg)",
    "imagen": "https://www.dia.es/product_images/277709/277709_ISO_0_ES.jpg?imwidth=392"
  },
  {
    "categoria": "Picos y panes tostados",
    "nombre": "Biscotes integrales El molino de Dia bolsa 540 g",
    "precio_unitario": "1,99 €",
    "precio_por_unidad": "(3,69 €/kg)",
    "imagen": "https://www.dia.es/product_images/279209/279209_ISO_0_ES.jpg?imwidth=392"
  },
  {
    "categoria": "Picos y panes tostados",
    "nombre": "Picos camperos El molino de Dia bolsa 250 g",
    "precio_unitario": "0,99 €",
    "precio_por_unidad": "(3,96 €/kg)",
    "imagen": "https://www.dia.es/product_images/221636/221636_ISO_0_ES.jpg?imwidth=392"
  },
  {
    "categoria": "Picos y panes tostados",
    "nombre": "Cóctel de picos El molino de Dia bolsa 250 g",
    "precio_unitario": "1,25 €",
    "precio_por_unidad": "(5,00 €/kg)",
    "imagen": "https://www.dia.es/product_images/271976/271976_ISO_0_ES.jpg?imwidth=392"
  },
  {
    "categoria": "Picos y panes tostados",
    "nombre": "Panecillos tostados con tomate y orégano El molino de Dia bolsa 160 g",
    "precio_unitario": "1,18 €",
    "precio_por_unidad": "(7,38 €/kg)",
    "imagen": "https://www.dia.es/product_images/135902/135902_ISO_0_ES.jpg?imwidth=392"
  },
  {
    "categoria": "Picos y panes tostados",
    "nombre": "Picos rústicos con aceite de oliva El molino de Dia bolsa 130 g",
    "precio_unitario": "1,59 €",
    "precio_por_unidad": "(12,23 €/kg)",
    "imagen": "https://www.dia.es/product_images/271977/271977_ISO_0_ES.jpg?imwidth=392"
  },
  {
    "categoria": "Picos y panes tostados",
    "nombre": "Picatostes fritos El molino de Dia bolsa 75 g",
    "precio_unitario": "0,79 €",
    "precio_por_unidad": "(10,53 €/kg)",
    "imagen": "https://www.dia.es/product_images/60049/60049_ISO_0_ES.jpg?imwidth=392"
  },
  {
    "categoria": "Picos y panes tostados",
    "nombre": "Panecillo 100% integral El molino de Dia bolsa 225 g",
    "precio_unitario": "0,83 €",
    "precio_por_unidad": "(3,69 €/kg)",
    "imagen": "https://www.dia.es/product_images/1141/1141_ISO_0_ES.jpg?imwidth=392"
  },
  {
    "categoria": "Picos y panes tostados",
    "nombre": "Regañás El molino de Dia bolsa 250 g",
    "precio_unitario": "1,09 €",
    "precio_por_unidad": "(4,36 €/kg)",
    "imagen": "https://www.dia.es/product_images/273116/273116_ISO_0_ES.jpg?imwidth=392"
  },
  {
    "categoria": "Picos y panes tostados",
    "nombre": "Mini biscotes El molino de Dia bolsa 240 g",
    "precio_unitario": "1,69 €",
    "precio_por_unidad": "(7,04 €/kg)",
    "imagen": "https://www.dia.es/product_images/279210/279210_ISO_0_ES.jpg?imwidth=392"
  },
  {
    "categoria": "Picos y panes tostados",
    "nombre": "Panecillos tostados con ajo y perejil El molino de Dia bolsa 160 g",
    "precio_unitario": "1,18 €",
    "precio_por_unidad": "(7,38 €/kg)",
    "imagen": "https://www.dia.es/product_images/135901/135901_ISO_0_ES.jpg?imwidth=392"
  },
  {
    "categoria": "Picos y panes tostados",
    "nombre": "Panecillos tostados El molino de Dia bolsa 225 g",
    "precio_unitario": "0,79 €",
    "precio_por_unidad": "(3,51 €/kg)",
    "imagen": "https://www.dia.es/product_images/277675/277675_ISO_0_ES.jpg?imwidth=392"
  },
  {
    "categoria": "Picos y panes tostados",
    "nombre": "Pan tostado normal El molino de Dia bolsa 270 g",
    "precio_unitario": "1,05 €",
    "precio_por_unidad": "(3,89 €/kg)",
    "imagen": "https://www.dia.es/product_images/5386/5386_ISO_0_ES.jpg?imwidth=392"
  },
  {
    "categoria": "Picos y panes tostados",
    "nombre": "Grissinis finos Selección Mundial de Dia bolsa 250 g",
    "precio_unitario": "1,88 €",
    "precio_por_unidad": "(7,52 €/kg)",
    "imagen": "https://www.dia.es/product_images/207097/207097_ISO_0_ES.jpg?imwidth=392"
  },
  {
    "categoria": "Picos y panes tostados",
    "nombre": "Mini tostas El molino de Dia caja 100 g",
    "precio_unitario": "1,35 €",
    "precio_por_unidad": "(13,50 €/kg)",
    "imagen": "https://www.dia.es/product_images/50754/50754_ISO_0_ES.jpg?imwidth=392"
  },
  {
    "categoria": "Picos y panes tostados",
    "nombre": "Pan tostado integral El molino de Dia bolsa 270 g",
    "precio_unitario": "1,45 €",
    "precio_por_unidad": "(5,37 €/kg)",
    "imagen": "https://www.dia.es/product_images/5387/5387_ISO_0_ES.jpg?imwidth=392"
  },
  {
    "categoria": "Pan rallado",
    "nombre": "Pan rallado Onena bolsa 750 g",
    "precio_unitario": "0,99 €",
    "precio_por_unidad": "(1,32 €/kg)",
    "imagen": "https://www.dia.es/product_images/303607/303607_ISO_0_ES.jpg?imwidth=392"
  },
  {
    "categoria": "Pan rallado",
    "nombre": "Pan rallado ajo y perejil Onena paquete 500 g",
    "precio_unitario": "1,05 €",
    "precio_por_unidad": "(2,10 €/kg)",
    "imagen": "https://www.dia.es/product_images/303608/303608_ISO_0_ES.jpg?imwidth=392"
  },
  {
    "categoria": "Pan rallado",
    "nombre": "Preparado para rebozar crujiente sin gluten Esgir bolsa 200 g",
    "precio_unitario": "1,75 €",
    "precio_por_unidad": "(8,75 €/kg)",
    "imagen": "https://www.dia.es/product_images/162439/162439_ISO_0_ES.jpg?imwidth=392"
  },
  {
    "categoria": "Pan rallado",
    "nombre": "Pan rallado sin gluten Panceliac bolsa 400 g",
    "precio_unitario": "2,69 €",
    "precio_por_unidad": "(6,73 €/kg)",
    "imagen": "https://www.dia.es/product_images/302131/302131_ISO_0_ES.jpg?imwidth=392"
  },
  {
    "categoria": "Harinas y levaduras",
    "nombre": "Harina de trigo El molino de Dia paquete 1 Kg",
    "precio_unitario": "0,71 €",
    "precio_por_unidad": "(0,71 €/kg)",
    "imagen": "https://www.dia.es/product_images/505/505_ISO_0_ES.jpg?imwidth=392"
  },
  {
    "categoria": "Harinas y levaduras",
    "nombre": "Harina de fuerza El molino de Dia paquete 1 Kg",
    "precio_unitario": "0,92 €",
    "precio_por_unidad": "(0,92 €/kg)",
    "imagen": "https://www.dia.es/product_images/207695/207695_ISO_0_ES.jpg?imwidth=392"
  },
  {
    "categoria": "Harinas y levaduras",
    "nombre": "Levadura en polvo Delimagic de Dia sobre 90 g",
    "precio_unitario": "0,69 €",
    "precio_por_unidad": "(7,67 €/kg)",
    "imagen": "https://www.dia.es/product_images/197503/197503_ISO_0_ES.jpg?imwidth=392"
  },
  {
    "categoria": "Harinas y levaduras",
    "nombre": "Levadura fresca Levanova 2 x 25 g",
    "precio_unitario": "0,49 €",
    "precio_por_unidad": "(9,80 €/kg)",
    "imagen": "https://www.dia.es/product_images/247514/247514_ISO_0_ES.jpg?imwidth=392"
  },
  {
    "categoria": "Harinas y levaduras",
    "nombre": "Harina 100% de maíz blanco Pan bolsa 1 Kg",
    "precio_unitario": "2,54 €",
    "precio_por_unidad": "(2,54 €/kg)",
    "imagen": "https://www.dia.es/product_images/161360/161360_ISO_0_ES.jpg?imwidth=392"
  },
  {
    "categoria": "Harinas y levaduras",
    "nombre": "Preparado para hornear en polvo Royal caja 96 g",
    "precio_unitario": "2,69 €",
    "precio_por_unidad": "(28,02 €/kg)",
    "imagen": "https://www.dia.es/product_images/142625/142625_ISO_0_ES.jpg?imwidth=392"
  },
  {
    "categoria": "Harinas y levaduras",
    "nombre": "Harina de maíz Maizena caja 400 g",
    "precio_unitario": "2,99 €",
    "precio_por_unidad": "(7,48 €/kg)",
    "imagen": "https://www.dia.es/product_images/132110/132110_ISO_0_ES.jpg?imwidth=392"
  },
  {
    "categoria": "Harinas y levaduras",
    "nombre": "Harina de bizcocho Gallo paquete 1 Kg",
    "precio_unitario": "1,79 €",
    "precio_por_unidad": "(1,79 €/kg)",
    "imagen": "https://www.dia.es/product_images/216391/216391_ISO_0_ES.jpg?imwidth=392"
  },
  {
    "categoria": "Harinas y levaduras",
    "nombre": "Harina de repostería El molino de Dia paquete 1 Kg",
    "precio_unitario": "1,07 €",
    "precio_por_unidad": "(1,07 €/kg)",
    "imagen": "https://www.dia.es/product_images/303736/303736_ISO_0_ES.jpg?imwidth=392"
  },
  {
    "categoria": "Harinas y levaduras",
    "nombre": "Levadura de panadería Maizena caja 28 g",
    "precio_unitario": "1,99 €",
    "precio_por_unidad": "(71,07 €/kg)",
    "imagen": "https://www.dia.es/product_images/164944/164944_ISO_0_ES.jpg?imwidth=392"
  },
  {
    "categoria": "Harinas y levaduras",
    "nombre": "Harina de trigo 100% integral El molino de Dia paquete 1 Kg",
    "precio_unitario": "0,81 €",
    "precio_por_unidad": "(0,81 €/kg)",
    "imagen": "https://www.dia.es/product_images/303732/303732_ISO_0_ES.jpg?imwidth=392"
  },
  {
    "categoria": "Harinas y levaduras",
    "nombre": "Levadura de panadería Royal caja 27.5 g",
    "precio_unitario": "2,19 €",
    "precio_por_unidad": "(79,64 €/kg)",
    "imagen": "https://www.dia.es/product_images/167940/167940_ISO_0_ES.jpg?imwidth=392"
  },
  {
    "categoria": "Harinas y levaduras",
    "nombre": "Harina de trigo Gallo paquete 1 Kg",
    "precio_unitario": "1,42 €",
    "precio_por_unidad": "(1,42 €/kg)",
    "imagen": "https://www.dia.es/product_images/130618/130618_ISO_0_ES.jpg?imwidth=392"
  },
  {
    "categoria": "Harinas y levaduras",
    "nombre": "Harina integral de trigo Gallo paquete 1 Kg",
    "precio_unitario": "1,66 €",
    "precio_por_unidad": "(1,66 €/kg)",
    "imagen": "https://www.dia.es/product_images/190027/190027_ISO_0_ES.jpg?imwidth=392"
  },
  {
    "categoria": "Harinas y levaduras",
    "nombre": "Harina de espelta 100% integral El molino de Dia paquete 1 Kg",
    "precio_unitario": "1,42 €",
    "precio_por_unidad": "(1,42 €/kg)",
    "imagen": "https://www.dia.es/product_images/303735/303735_ISO_0_ES.jpg?imwidth=392"
  },
  {
    "categoria": "Harinas y levaduras",
    "nombre": "Harina de trigo para repostería Gallo paquete 1 Kg",
    "precio_unitario": "1,66 €",
    "precio_por_unidad": "(1,66 €/kg)",
    "imagen": "https://www.dia.es/product_images/163262/163262_ISO_0_ES.jpg?imwidth=392"
  },
  {
    "categoria": "Harinas y levaduras",
    "nombre": "Harina de trigo especial frituras El molino de Dia paquete 1 Kg",
    "precio_unitario": "1,19 €",
    "precio_por_unidad": "(1,19 €/kg)",
    "imagen": "https://www.dia.es/product_images/303737/303737_ISO_0_ES.jpg?imwidth=392"
  },
  {
    "categoria": "Harinas y levaduras",
    "nombre": "Harina multiusos sin gluten Natur Dacsa bolsa 1 Kg",
    "precio_unitario": "3,95 €",
    "precio_por_unidad": "(3,95 €/kg)",
    "imagen": "https://www.dia.es/product_images/288064/288064_ISO_0_ES.jpg?imwidth=392"
  },
  {
    "categoria": "Harinas y levaduras",
    "nombre": "Harina mix sin gluten Gallo caja 500 g",
    "precio_unitario": "3,10 €",
    "precio_por_unidad": "(6,20 €/kg)",
    "imagen": "https://www.dia.es/product_images/292171/292171_ISO_0_ES.jpg?imwidth=392"
  },
  {
    "categoria": "Masas y hojaldres",
    "nombre": "Masa fina para pizza Al Punto Dia bolsa 260 g",
    "precio_unitario": "1,00 €",
    "precio_por_unidad": "(3,85 €/kg)",
    "imagen": "https://www.dia.es/product_images/224127/224127_ISO_0_ES.jpg?imwidth=392"
  },
  {
    "categoria": "Masas y hojaldres",
    "nombre": "Masa de hojaldre Al Punto Dia bolsa 230 g",
    "precio_unitario": "1,00 €",
    "precio_por_unidad": "(4,35 €/kg)",
    "imagen": "https://www.dia.es/product_images/127848/127848_ISO_0_ES.jpg?imwidth=392"
  },
  {
    "categoria": "Masas y hojaldres",
    "nombre": "Masa quebrada Al Punto Dia bolsa 230 g",
    "precio_unitario": "1,29 €",
    "precio_por_unidad": "(5,61 €/kg)",
    "imagen": "https://www.dia.es/product_images/127851/127851_ISO_0_ES.jpg?imwidth=392"
  },
  {
    "categoria": "Masas y hojaldres",
    "nombre": "Masa hojaldre Casa Tarradellas bandeja 260 g",
    "precio_unitario": "1,35 €",
    "precio_por_unidad": "(5,19 €/kg)",
    "imagen": "https://www.dia.es/product_images/167559/167559_ISO_0_ES.jpg?imwidth=392"
  },
  {
    "categoria": "Masas y hojaldres",
    "nombre": "Masa fina para pizza Casa Tarradellas bandeja 260 g",
    "precio_unitario": "1,35 €",
    "precio_por_unidad": "(5,19 €/kg)",
    "imagen": "https://www.dia.es/product_images/151018/151018_ISO_0_ES.jpg?imwidth=392"
  },
  {
    "categoria": "Masas y hojaldres",
    "nombre": "Masa de hojaldre rectangular Buitoni 230 g",
    "precio_unitario": "1,99 €",
    "precio_por_unidad": "(8,65 €/kg)",
    "imagen": "https://www.dia.es/product_images/190216/190216_ISO_0_ES.jpg?imwidth=392"
  },
  {
    "categoria": "Masas y hojaldres",
    "nombre": "Masa para pizza finíssima redonda Buitoni bolsa 230 g",
    "precio_unitario": "1,99 €",
    "precio_por_unidad": "(8,65 €/kg)",
    "imagen": "https://www.dia.es/product_images/189667/189667_ISO_0_ES.jpg?imwidth=392"
  },
  {
    "categoria": "Preparados para postres",
    "nombre": "Preparado de tortitas americanas Mary Lee bolsa 156 g",
    "precio_unitario": "1,75 €",
    "precio_por_unidad": "(11,22 €/kg)",
    "imagen": "https://www.dia.es/product_images/140701/140701_ISO_0_ES.jpg?imwidth=392"
  },
  {
    "categoria": "Preparados para postres",
    "nombre": "Preparado para crepes Delimagic de Dia frasco 200 g",
    "precio_unitario": "1,99 €",
    "precio_por_unidad": "(9,95 €/kg)",
    "imagen": "https://www.dia.es/product_images/106037/106037_ISO_0_ES.jpg?imwidth=392"
  },
  {
    "categoria": "Preparados para postres",
    "nombre": "Sirope de chocolate Delimagic de Dia botella 295 g",
    "precio_unitario": "1,65 €",
    "precio_por_unidad": "(5,59 €/kg)",
    "imagen": "https://www.dia.es/product_images/161790/161790_ISO_0_ES.jpg?imwidth=392"
  },
  {
    "categoria": "Preparados para postres",
    "nombre": "Perlitas de chocolate Dr. Oetker bolsa 100 g",
    "precio_unitario": "2,59 €",
    "precio_por_unidad": "(25,90 €/kg)",
    "imagen": "https://www.dia.es/product_images/243992/243992_ISO_0_ES.jpg?imwidth=392"
  },
  {
    "categoria": "Preparados para postres",
    "nombre": "Preparado para tarta de chocolate milka Royal caja 350 g",
    "precio_unitario": "4,50 €",
    "precio_por_unidad": "(12,86 €/kg)",
    "imagen": "https://www.dia.es/product_images/150816/150816_ISO_0_ES.jpg?imwidth=392"
  },
  {
    "categoria": "Preparados para postres",
    "nombre": "Caramelo líquido Royal botella 400 g",
    "precio_unitario": "2,90 €",
    "precio_por_unidad": "(7,25 €/kg)",
    "imagen": "https://www.dia.es/product_images/1169/1169_ISO_0_ES.jpg?imwidth=392"
  },
  {
    "categoria": "Preparados para postres",
    "nombre": "Preparado para tarta de queso Royal caja 325 g",
    "precio_unitario": "3,99 €",
    "precio_por_unidad": "(12,28 €/kg)",
    "imagen": "https://www.dia.es/product_images/17777/17777_ISO_0_ES.jpg?imwidth=392"
  },
  {
    "categoria": "Preparados para postres",
    "nombre": "Preparado para brownies Dr. Oetker caja 456 g",
    "precio_unitario": "4,99 €",
    "precio_por_unidad": "(10,94 €/kg)",
    "imagen": "https://www.dia.es/product_images/131023/131023_ISO_0_ES.jpg?imwidth=392"
  },
  {
    "categoria": "Preparados para postres",
    "nombre": "Sirope de fresa Delimagic de Dia botella 295 g",
    "precio_unitario": "1,65 €",
    "precio_por_unidad": "(5,59 €/kg)",
    "imagen": "https://www.dia.es/product_images/161789/161789_ISO_0_ES.jpg?imwidth=392"
  },
  {
    "categoria": "Preparados para postres",
    "nombre": "Preparado para pastel fresco sabor limón Royal caja 103 g",
    "precio_unitario": "1,60 €",
    "precio_por_unidad": "(15,53 €/kg)",
    "imagen": "https://www.dia.es/product_images/5373/5373_ISO_0_ES.jpg?imwidth=392"
  },
  {
    "categoria": "Preparados para postres",
    "nombre": "Aroma de vainilla de Madagascar Dr. Oetker bote 35 ml",
    "precio_unitario": "4,79 €",
    "precio_por_unidad": "(136,86 €/L)",
    "imagen": "https://www.dia.es/product_images/245067/245067_ISO_0_ES.jpg?imwidth=392"
  },
  {
    "categoria": "Preparados para postres",
    "nombre": "Coco rallado Dr. Oetker bolsa 130 g",
    "precio_unitario": "2,44 €",
    "precio_por_unidad": "(18,77 €/kg)",
    "imagen": "https://www.dia.es/product_images/227497/227497_ISO_0_ES.jpg?imwidth=392"
  },
  {
    "categoria": "Preparados para postres",
    "nombre": "Preparado para flanes y natillas Flanin caja 192 g",
    "precio_unitario": "1,75 €",
    "precio_por_unidad": "(9,11 €/kg)",
    "imagen": "https://www.dia.es/product_images/26640/26640_ISO_0_ES.jpg?imwidth=392"
  },
  {
    "categoria": "Preparados para postres",
    "nombre": "Colorantes alimentarios Dr. Oetker caja 40 g",
    "precio_unitario": "3,75 €",
    "precio_por_unidad": "(93,75 €/kg)",
    "imagen": "https://www.dia.es/product_images/147899/147899_ISO_0_ES.jpg?imwidth=392"
  },
  {
    "categoria": "Preparados para postres",
    "nombre": "Preparado para tarta de oreo Royal caja 215 g",
    "precio_unitario": "3,99 €",
    "precio_por_unidad": "(18,56 €/kg)",
    "imagen": "https://www.dia.es/product_images/89785/89785_ISO_0_ES.jpg?imwidth=392"
  },
  {
    "categoria": "Preparados para postres",
    "nombre": "Gelatina sabor fresa Royal caja 114 g",
    "precio_unitario": "2,79 €",
    "precio_por_unidad": "(24,47 €/kg)",
    "imagen": "https://www.dia.es/product_images/262260/262260_ISO_0_ES.jpg?imwidth=392"
  },
  {
    "categoria": "Preparados para postres",
    "nombre": "Preparado para cuajada Royal caja 60 g",
    "precio_unitario": "2,09 €",
    "precio_por_unidad": "(34,83 €/kg)",
    "imagen": "https://www.dia.es/product_images/27367/27367_ISO_0_ES.jpg?imwidth=392"
  },
  {
    "categoria": "Preparados para postres",
    "nombre": "Preparado para natillas caseras Royal caja 100 g",
    "precio_unitario": "1,50 €",
    "precio_por_unidad": "(15,00 €/kg)",
    "imagen": "https://www.dia.es/product_images/52725/52725_ISO_0_ES.jpg?imwidth=392"
  },
  {
    "categoria": "Preparados para postres",
    "nombre": "Preparado para crema catalana Royal caja 120 g",
    "precio_unitario": "1,92 €",
    "precio_por_unidad": "(16,00 €/kg)",
    "imagen": "https://www.dia.es/product_images/84941/84941_ISO_0_ES.jpg?imwidth=392"
  },
  {
    "categoria": "Preparados para postres",
    "nombre": "Gelatina en láminas Dr. Oetker bolsa 20 g",
    "precio_unitario": "2,25 €",
    "precio_por_unidad": "(112,50 €/kg)",
    "imagen": "https://www.dia.es/product_images/124236/124236_ISO_0_ES.jpg?imwidth=392"
  },
  {
    "categoria": "Preparados para postres",
    "nombre": "Preparado para flan contiene caramelo líquido Royal caja 232.5 g",
    "precio_unitario": "2,25 €",
    "precio_por_unidad": "(9,68 €/kg)",
    "imagen": "https://www.dia.es/product_images/6453/6453_ISO_0_ES.jpg?imwidth=392"
  },
  {
    "categoria": "Preparados para postres",
    "nombre": "Sirope de arce puro Mary Lee bote 250 ml",
    "precio_unitario": "6,49 €",
    "precio_por_unidad": "(25,96 €/L)",
    "imagen": "https://www.dia.es/product_images/298151/298151_ISO_0_ES.jpg?imwidth=392"
  },
  {
    "categoria": "Preparados para postres",
    "nombre": "Chocolate con leche para repostería Dr. Oetker bolsa 150 g",
    "precio_unitario": "3,59 €",
    "precio_por_unidad": "(23,93 €/kg)",
    "imagen": "https://www.dia.es/product_images/298091/298091_ISO_0_ES.jpg?imwidth=392"
  },
  {
    "categoria": "Preparados para postres",
    "nombre": "Almendras molidas Dr. Oetker bolsa 130 g",
    "precio_unitario": "4,07 €",
    "precio_por_unidad": "(31,31 €/kg)",
    "imagen": "https://www.dia.es/product_images/227498/227498_ISO_0_ES.jpg?imwidth=392"
  },
  {
    "categoria": "Preparados para postres",
    "nombre": "Preparado para bizcocho sin gluten Dr. Oetker caja 410 g",
    "precio_unitario": "4,79 €",
    "precio_por_unidad": "(11,68 €/kg)",
    "imagen": "https://www.dia.es/product_images/225149/225149_ISO_0_ES.jpg?imwidth=392"
  },
  {
    "categoria": "Preparados para postres",
    "nombre": "Caramelo líquido Delimagic de Dia botella 400 g",
    "precio_unitario": "2,29 €",
    "precio_por_unidad": "(5,73 €/kg)",
    "imagen": "https://www.dia.es/product_images/21651/21651_ISO_0_ES.jpg?imwidth=392"
  },
  {
    "categoria": "Preparados para postres",
    "nombre": "Gelatina neutra en polvo Royal caja 20 g",
    "precio_unitario": "2,29 €",
    "precio_por_unidad": "(114,50 €/kg)",
    "imagen": "https://www.dia.es/product_images/187612/187612_ISO_0_ES.jpg?imwidth=392"
  },
  {
    "categoria": "Preparados para postres",
    "nombre": "Aroma de vainilla Dr. Oetker blister 8 g",
    "precio_unitario": "2,79 €",
    "precio_por_unidad": "(348,75 €/kg)",
    "imagen": "https://www.dia.es/product_images/178094/178094_ISO_0_ES.jpg?imwidth=392"
  },
  {
    "categoria": "Preparados para postres",
    "nombre": "Lápices pasteleros de colores Dr. Oetker caja 76 g",
    "precio_unitario": "3,79 €",
    "precio_por_unidad": "(49,87 €/kg)",
    "imagen": "https://www.dia.es/product_images/147751/147751_ISO_0_ES.jpg?imwidth=392"
  },
  {
    "categoria": "Yogures bífidus y colesterol",
    "nombre": "Cremoso con mango Bífidus Dia pack 4 x 125 g",
    "precio_unitario": "1,00 €",
    "precio_por_unidad": "(2,00 €/kg)",
    "imagen": "https://www.dia.es/product_images/186089/186089_ISO_0_ES.jpg?imwidth=392"
  },
  {
    "categoria": "Yogures bífidus y colesterol",
    "nombre": "Yogur líquido de fresa y plátano/coco y piña L-Casei Dia pack 12 x 100 g",
    "precio_unitario": "2,35 €",
    "precio_por_unidad": "(1,96 €/kg)",
    "imagen": "https://www.dia.es/product_images/101846/101846_ISO_0_ES.jpg?imwidth=392"
  },
  {
    "categoria": "Yogures bífidus y colesterol",
    "nombre": "Cremoso desnatado con nueces y cereales Bífidus Dia pack 4 x 125 g",
    "precio_unitario": "1,29 €",
    "precio_por_unidad": "(2,58 €/kg)",
    "imagen": "https://www.dia.es/product_images/252335/252335_ISO_0_ES.jpg?imwidth=392"
  },
  {
    "categoria": "Yogures bífidus y colesterol",
    "nombre": "Cremoso desnatado con ciruela y kiwi Bífidus Dia pack 4 x 125 g",
    "precio_unitario": "1,00 €",
    "precio_por_unidad": "(2,00 €/kg)",
    "imagen": "https://www.dia.es/product_images/262831/262831_ISO_0_ES.jpg?imwidth=392"
  },
  {
    "categoria": "Yogures bífidus y colesterol",
    "nombre": "Cremoso desnatado con piña y coco Bífidus Dia pack 4 x 125 g",
    "precio_unitario": "1,00 €",
    "precio_por_unidad": "(2,00 €/kg)",
    "imagen": "https://www.dia.es/product_images/262835/262835_ISO_0_ES.jpg?imwidth=392"
  },
  {
    "categoria": "Yogures bífidus y colesterol",
    "nombre": "Yogur líquido de fresa L-Casei Dia pack 12 x 100 g",
    "precio_unitario": "2,35 €",
    "precio_por_unidad": "(1,96 €/kg)",
    "imagen": "https://www.dia.es/product_images/19326/19326_ISO_0_ES.jpg?imwidth=392"
  },
  {
    "categoria": "Yogures bífidus y colesterol",
    "nombre": "Yogur líquido natural L-Casei Dia pack 6 x 100 g",
    "precio_unitario": "1,29 €",
    "precio_por_unidad": "(2,15 €/kg)",
    "imagen": "https://www.dia.es/product_images/301949/301949_ISO_0_ES.jpg?imwidth=392"
  },
  {
    "categoria": "Yogures bífidus y colesterol",
    "nombre": "Cremoso sabor vainilla Bífidus Dia pack 4 x 125 g",
    "precio_unitario": "1,29 €",
    "precio_por_unidad": "(2,58 €/kg)",
    "imagen": "https://www.dia.es/product_images/262824/262824_ISO_0_ES.jpg?imwidth=392"
  },
  {
    "categoria": "Yogures bífidus y colesterol",
    "nombre": "Cremoso desnatado con fresa Bífidus Dia pack 4 x 125 g",
    "precio_unitario": "1,29 €",
    "precio_por_unidad": "(2,58 €/kg)",
    "imagen": "https://www.dia.es/product_images/42065/42065_ISO_0_ES.jpg?imwidth=392"
  },
  {
    "categoria": "Yogures bífidus y colesterol",
    "nombre": "Bebida láctea natural Danacol pack 12 x 100 g",
    "precio_unitario": "7,29 €",
    "precio_por_unidad": "(6,08 €/kg)",
    "imagen": "https://www.dia.es/product_images/123474/123474_ISO_0_ES.jpg?imwidth=392"
  },
  {
    "categoria": "Yogures bífidus y colesterol",
    "nombre": "Cremoso con fresa y nueces Bífidus Dia pack 4 x 125 g",
    "precio_unitario": "1,29 €",
    "precio_por_unidad": "(2,58 €/kg)",
    "imagen": "https://www.dia.es/product_images/262839/262839_ISO_0_ES.jpg?imwidth=392"
  },
  {
    "categoria": "Yogures bífidus y colesterol",
    "nombre": "Bebida láctea de fresa Danacol pack 12 x 100 g",
    "precio_unitario": "7,29 €",
    "precio_por_unidad": "(6,08 €/kg)",
    "imagen": "https://www.dia.es/product_images/123683/123683_ISO_0_ES.jpg?imwidth=392"
  },
  {
    "categoria": "Yogures bífidus y colesterol",
    "nombre": "Cremoso lima y limón Bífidus Dia pack 4 x 125 g",
    "precio_unitario": "1,29 €",
    "precio_por_unidad": "(2,58 €/kg)",
    "imagen": "https://www.dia.es/product_images/262826/262826_ISO_0_ES.jpg?imwidth=392"
  },
  {
    "categoria": "Yogures bífidus y colesterol",
    "nombre": "Cremoso natural desnatado Bífidus Dia pack 8 x 125 g",
    "precio_unitario": "1,99 €",
    "precio_por_unidad": "(1,99 €/kg)",
    "imagen": "https://www.dia.es/product_images/113374/113374_ISO_0_ES.jpg?imwidth=392"
  },
  {
    "categoria": "Yogures bífidus y colesterol",
    "nombre": "Cremoso desnatado con melocotón Bífidus Dia pack 4 x 125 g",
    "precio_unitario": "1,29 €",
    "precio_por_unidad": "(2,58 €/kg)",
    "imagen": "https://www.dia.es/product_images/262830/262830_ISO_0_ES.jpg?imwidth=392"
  },
  {
    "categoria": "Yogures bífidus y colesterol",
    "nombre": "Cremoso natural desnatado edulcorado Bífidus Dia pack 4 x 125 g",
    "precio_unitario": "1,09 €",
    "precio_por_unidad": "(2,18 €/kg)",
    "imagen": "https://www.dia.es/product_images/262823/262823_ISO_0_ES.jpg?imwidth=392"
  },
  {
    "categoria": "Yogures bífidus y colesterol",
    "nombre": "Yogur líquido natural Actimel pack 12 x 100 g",
    "precio_unitario": "5,99 €",
    "precio_por_unidad": "(4,99 €/kg)",
    "imagen": "https://www.dia.es/product_images/33057/33057_ISO_0_ES.jpg?imwidth=392"
  },
  {
    "categoria": "Yogures bífidus y colesterol",
    "nombre": "Cremoso desnatado con fresa, kiwi, piña y ciruela Bífidus Dia pack 8 x 125 g",
    "precio_unitario": "2,59 €",
    "precio_por_unidad": "(2,59 €/kg)",
    "imagen": "https://www.dia.es/product_images/209794/209794_ISO_0_ES.jpg?imwidth=392"
  },
  {
    "categoria": "Yogures bífidus y colesterol",
    "nombre": "Cremoso desnatado con semillas, cereales y avellanas Bífidus Dia pack 4 x 125 g",
    "precio_unitario": "1,29 €",
    "precio_por_unidad": "(2,58 €/kg)",
    "imagen": "https://www.dia.es/product_images/253796/253796_ISO_0_ES.jpg?imwidth=392"
  },
  {
    "categoria": "Yogures bífidus y colesterol",
    "nombre": "Cremoso natural Bífidus Dia pack 4 x 125 g",
    "precio_unitario": "1,09 €",
    "precio_por_unidad": "(2,18 €/kg)",
    "imagen": "https://www.dia.es/product_images/262822/262822_ISO_0_ES.jpg?imwidth=392"
  },
  {
    "categoria": "Yogures bífidus y colesterol",
    "nombre": "Bífidus desnatado con ciruelas Activia pack 4 x 120 g",
    "precio_unitario": "2,49 €",
    "precio_por_unidad": "(5,19 €/kg)",
    "imagen": "https://www.dia.es/product_images/84893/84893_ISO_0_ES.jpg?imwidth=392"
  },
  {
    "categoria": "Yogures bífidus y colesterol",
    "nombre": "Bífidus desnatado con kiwi Activia pack 4 x 120 g",
    "precio_unitario": "2,49 €",
    "precio_por_unidad": "(5,19 €/kg)",
    "imagen": "https://www.dia.es/product_images/69413/69413_ISO_0_ES.jpg?imwidth=392"
  },
  {
    "categoria": "Yogures bífidus y colesterol",
    "nombre": "Cremoso con fibra y cereales Bífidus Dia pack 4 x 125 g",
    "precio_unitario": "1,29 €",
    "precio_por_unidad": "(2,58 €/kg)",
    "imagen": "https://www.dia.es/product_images/66642/66642_ISO_0_ES.jpg?imwidth=392"
  },
  {
    "categoria": "Yogures bífidus y colesterol",
    "nombre": "Bebida láctea de fresa Danacol pack 6 x 100 g",
    "precio_unitario": "4,49 €",
    "precio_por_unidad": "(7,48 €/kg)",
    "imagen": "https://www.dia.es/product_images/6527/6527_ISO_0_ES.jpg?imwidth=392"
  },
  {
    "categoria": "Yogures bífidus y colesterol",
    "nombre": "Bífidus sabor mango y papaya con soja Activia pack 4 x 120 g",
    "precio_unitario": "2,49 €",
    "precio_por_unidad": "(5,19 €/kg)",
    "imagen": "https://www.dia.es/product_images/59554/59554_ISO_0_ES.jpg?imwidth=392"
  },
  {
    "categoria": "Yogures bífidus y colesterol",
    "nombre": "Bífidus natural Activia pack 4 x 120 g",
    "precio_unitario": "2,00 €",
    "precio_por_unidad": "(4,17 €/kg)",
    "imagen": "https://www.dia.es/product_images/590/590_ISO_0_ES.jpg?imwidth=392"
  },
  {
    "categoria": "Yogures bífidus y colesterol",
    "nombre": "Bífidus desnatado con muesli Activia pack 4 x 115 g",
    "precio_unitario": "2,79 €",
    "precio_por_unidad": "(6,07 €/kg)",
    "imagen": "https://www.dia.es/product_images/55658/55658_ISO_0_ES.jpg?imwidth=392"
  },
  {
    "categoria": "Yogures bífidus y colesterol",
    "nombre": "Bífidus con pera Activia pack 4 x 120 g",
    "precio_unitario": "2,49 €",
    "precio_por_unidad": "(5,19 €/kg)",
    "imagen": "https://www.dia.es/product_images/50719/50719_ISO_0_ES.jpg?imwidth=392"
  },
  {
    "categoria": "Yogures bífidus y colesterol",
    "nombre": "Bífidus con frutos del bosque Activia pack 4 x 120 g",
    "precio_unitario": "2,49 €",
    "precio_por_unidad": "(5,19 €/kg)",
    "imagen": "https://www.dia.es/product_images/50692/50692_ISO_0_ES.jpg?imwidth=392"
  },
  {
    "categoria": "Yogures bífidus y colesterol",
    "nombre": "Yogur desnatado líquido natural Actimel pack 6+2 x 100 g",
    "precio_unitario": "3,99 €",
    "precio_por_unidad": "(6,65 €/kg)",
    "imagen": "https://www.dia.es/product_images/38101/38101_ISO_0_ES.jpg?imwidth=392"
  },
  {
    "categoria": "Yogures bífidus y colesterol",
    "nombre": "Bífidus natural desnatado Activia pack 4 x 120 g",
    "precio_unitario": "2,00 €",
    "precio_por_unidad": "(4,17 €/kg)",
    "imagen": "https://www.dia.es/product_images/3211/3211_ISO_0_ES.jpg?imwidth=392"
  },
  {
    "categoria": "Yogures bífidus y colesterol",
    "nombre": "Yogur desnatado líquido de fresa L-Casei Dia pack 6 x 100 g",
    "precio_unitario": "1,35 €",
    "precio_por_unidad": "(2,25 €/kg)",
    "imagen": "https://www.dia.es/product_images/301948/301948_ISO_0_ES.jpg?imwidth=392"
  },
  {
    "categoria": "Yogures bífidus y colesterol",
    "nombre": "Bífidus cremoso sabor fresa Activia pack 4 x 115 g",
    "precio_unitario": "2,00 €",
    "precio_por_unidad": "(4,35 €/kg)",
    "imagen": "https://www.dia.es/product_images/300787/300787_ISO_0_ES.jpg?imwidth=392"
  },
  {
    "categoria": "Yogures bífidus y colesterol",
    "nombre": "Bífidus natural desnatado Activia pack 8 x 120 g",
    "precio_unitario": "3,59 €",
    "precio_por_unidad": "(3,74 €/kg)",
    "imagen": "https://www.dia.es/product_images/300743/300743_ISO_0_ES.jpg?imwidth=392"
  },
  {
    "categoria": "Yogures bífidus y colesterol",
    "nombre": "Yogur desnatado líquido de fresa Actimel pack 6 x 100 g",
    "precio_unitario": "3,99 €",
    "precio_por_unidad": "(6,65 €/kg)",
    "imagen": "https://www.dia.es/product_images/28919/28919_ISO_0_ES.jpg?imwidth=392"
  },
  {
    "categoria": "Yogures bífidus y colesterol",
    "nombre": "Yogur líquido natural Actimel pack 6 x 100 g",
    "precio_unitario": "3,99 €",
    "precio_por_unidad": "(6,65 €/kg)",
    "imagen": "https://www.dia.es/product_images/28356/28356_ISO_0_ES.jpg?imwidth=392"
  },
  {
    "categoria": "Yogures bífidus y colesterol",
    "nombre": "Cremoso con manzanas asadas Bífidus Dia pack 4 x 125 g",
    "precio_unitario": "1,29 €",
    "precio_por_unidad": "(2,58 €/kg)",
    "imagen": "https://www.dia.es/product_images/262825/262825_ISO_0_ES.jpg?imwidth=392"
  },
  {
    "categoria": "Yogures bífidus y colesterol",
    "nombre": "Bífidus desnatado con semillas chía y almendras Activia pack 4 x 115 g",
    "precio_unitario": "2,79 €",
    "precio_por_unidad": "(6,07 €/kg)",
    "imagen": "https://www.dia.es/product_images/260013/260013_ISO_0_ES.jpg?imwidth=392"
  },
  {
    "categoria": "Yogures bífidus y colesterol",
    "nombre": "Cremoso desnatado con pera Bífidus Dia pack 4 x 125 g",
    "precio_unitario": "1,29 €",
    "precio_por_unidad": "(2,58 €/kg)",
    "imagen": "https://www.dia.es/product_images/23674/23674_ISO_0_ES.jpg?imwidth=392"
  },
  {
    "categoria": "Yogures bífidus y colesterol",
    "nombre": "Bífidus desnatado con lima y limón Activia pack 4 x 120 g",
    "precio_unitario": "2,49 €",
    "precio_por_unidad": "(5,19 €/kg)",
    "imagen": "https://www.dia.es/product_images/232506/232506_ISO_0_ES.jpg?imwidth=392"
  },
  {
    "categoria": "Yogures bífidus y colesterol",
    "nombre": "Bífidus con avena y nueces Activia pack 4 x 115 g",
    "precio_unitario": "2,79 €",
    "precio_por_unidad": "(6,07 €/kg)",
    "imagen": "https://www.dia.es/product_images/221417/221417_ISO_0_ES.jpg?imwidth=392"
  },
  {
    "categoria": "Yogures bífidus y colesterol",
    "nombre": "Yogur líquido de fresa Actimel pack 6 x 100 g",
    "precio_unitario": "3,99 €",
    "precio_por_unidad": "(6,65 €/kg)",
    "imagen": "https://www.dia.es/product_images/22022/22022_ISO_0_ES.jpg?imwidth=392"
  },
  {
    "categoria": "Yogures bífidus y colesterol",
    "nombre": "Bífidus desnatado sabor vainilla Activia vaso 4 x 120 g",
    "precio_unitario": "2,00 €",
    "precio_por_unidad": "(4,17 €/kg)",
    "imagen": "https://www.dia.es/product_images/218459/218459_ISO_0_ES.jpg?imwidth=392"
  },
  {
    "categoria": "Yogures bífidus y colesterol",
    "nombre": "Bífidus desnatado sabor mango Activia pack 4 x 115 g",
    "precio_unitario": "2,00 €",
    "precio_por_unidad": "(4,35 €/kg)",
    "imagen": "https://www.dia.es/product_images/184513/184513_ISO_0_ES.jpg?imwidth=392"
  },
  {
    "categoria": "Yogures bífidus y colesterol",
    "nombre": "Bífidus desnatado sabor frutas silvestres Activia pack 4 x 115 g",
    "precio_unitario": "2,00 €",
    "precio_por_unidad": "(4,35 €/kg)",
    "imagen": "https://www.dia.es/product_images/178096/178096_ISO_0_ES.jpg?imwidth=392"
  },
  {
    "categoria": "Yogures bífidus y colesterol",
    "nombre": "Bífidus cremoso de lima-limón Activia pack 4 x 115 g",
    "precio_unitario": "2,00 €",
    "precio_por_unidad": "(4,35 €/kg)",
    "imagen": "https://www.dia.es/product_images/178095/178095_ISO_0_ES.jpg?imwidth=392"
  },
  {
    "categoria": "Yogures bífidus y colesterol",
    "nombre": "Bífidus desnatado con frutos rojos Activia pack 4 x 120 g",
    "precio_unitario": "2,49 €",
    "precio_por_unidad": "(5,19 €/kg)",
    "imagen": "https://www.dia.es/product_images/165504/165504_ISO_0_ES.jpg?imwidth=392"
  },
  {
    "categoria": "Yogures bífidus y colesterol",
    "nombre": "Bífidus desnatado con piña Activia pack 4 x 120 g",
    "precio_unitario": "2,49 €",
    "precio_por_unidad": "(5,19 €/kg)",
    "imagen": "https://www.dia.es/product_images/165503/165503_ISO_0_ES.jpg?imwidth=392"
  },
  {
    "categoria": "Yogures bífidus y colesterol",
    "nombre": "Bebida láctea natural Danacol pack 6 x 100 g",
    "precio_unitario": "4,49 €",
    "precio_por_unidad": "(7,48 €/kg)",
    "imagen": "https://www.dia.es/product_images/165040/165040_ISO_0_ES.jpg?imwidth=392"
  },
  {
    "categoria": "Yogures bífidus y colesterol",
    "nombre": "Yogur desnatado líquido natural Actimel pack 12 x 100 g",
    "precio_unitario": "5,99 €",
    "precio_por_unidad": "(4,99 €/kg)",
    "imagen": "https://www.dia.es/product_images/151109/151109_ISO_0_ES.jpg?imwidth=392"
  },
  {
    "categoria": "Yogures bífidus y colesterol",
    "nombre": "Bífidus desnatado con melocotón Activia pack 4 x 120 g",
    "precio_unitario": "2,49 €",
    "precio_por_unidad": "(5,19 €/kg)",
    "imagen": "https://www.dia.es/product_images/132567/132567_ISO_0_ES.jpg?imwidth=392"
  },
  {
    "categoria": "Yogures bífidus y colesterol",
    "nombre": "Bífidus con mango Activia pack 4 x 120 g",
    "precio_unitario": "2,49 €",
    "precio_por_unidad": "(5,19 €/kg)",
    "imagen": "https://www.dia.es/product_images/132519/132519_ISO_0_ES.jpg?imwidth=392"
  },
  {
    "categoria": "Yogures bífidus y colesterol",
    "nombre": "Bífidus natural desnatado edulcorado Activia pack 4 x 120 g",
    "precio_unitario": "2,00 €",
    "precio_por_unidad": "(4,17 €/kg)",
    "imagen": "https://www.dia.es/product_images/131767/131767_ISO_0_ES.jpg?imwidth=392"
  },
  {
    "categoria": "Yogures bífidus y colesterol",
    "nombre": "Yogur líquido de fresa Actimel pack 12 x 100 g",
    "precio_unitario": "5,99 €",
    "precio_por_unidad": "(4,99 €/kg)",
    "imagen": "https://www.dia.es/product_images/131735/131735_ISO_0_ES.jpg?imwidth=392"
  },
  {
    "categoria": "Yogures bífidus y colesterol",
    "nombre": "Bífidus natural desnatado edulcorado Activia vaso 8 x 120 g",
    "precio_unitario": "3,59 €",
    "precio_por_unidad": "(3,74 €/kg)",
    "imagen": "https://www.dia.es/product_images/117866/117866_ISO_0_ES.jpg?imwidth=392"
  },
  {
    "categoria": "Yogures bífidus y colesterol",
    "nombre": "Bífidus natural Activia pack 8 x 120 g",
    "precio_unitario": "3,59 €",
    "precio_por_unidad": "(3,74 €/kg)",
    "imagen": "https://www.dia.es/product_images/117865/117865_ISO_0_ES.jpg?imwidth=392"
  },
  {
    "categoria": "Yogures bífidus y colesterol",
    "nombre": "Bebida láctea tropical Danacol pack 6 x 100 g",
    "precio_unitario": "4,35 €",
    "precio_por_unidad": "(7,25 €/kg)",
    "imagen": "https://www.dia.es/product_images/104628/104628_ISO_0_ES.jpg?imwidth=392"
  },
  {
    "categoria": "Yogures bífidus y colesterol",
    "nombre": "Yogur líquido de fresa y plátano Actimel pack 6 + 2 x 100 g",
    "precio_unitario": "3,79 €",
    "precio_por_unidad": "(6,32 €/kg)",
    "imagen": "https://www.dia.es/product_images/100595/100595_ISO_0_ES.jpg?imwidth=392"
  },
  {
    "categoria": "Yogures bífidus y colesterol",
    "nombre": "Bífidus con fresa Activia pack 4 x 120 g",
    "precio_unitario": "2,49 €",
    "precio_por_unidad": "(5,19 €/kg)",
    "imagen": "https://www.dia.es/product_images/100594/100594_ISO_0_ES.jpg?imwidth=392"
  },
  {
    "categoria": "Yogures naturales",
    "nombre": "Yogur natural Dia Láctea pack 8 x 125 g",
    "precio_unitario": "1,49 €",
    "precio_por_unidad": "(1,49 €/kg)",
    "imagen": "https://www.dia.es/product_images/272536/272536_ISO_0_ES.jpg?imwidth=392"
  },
  {
    "categoria": "Yogures naturales",
    "nombre": "Yogur natural azucarado Dia Láctea pack 8 x 125 g",
    "precio_unitario": "1,49 €",
    "precio_por_unidad": "(1,49 €/kg)",
    "imagen": "https://www.dia.es/product_images/272537/272537_ISO_0_ES.jpg?imwidth=392"
  },
  {
    "categoria": "Yogures naturales",
    "nombre": "Yogur natural con azúcar de caña Dia Láctea pack 8 x 125 g",
    "precio_unitario": "1,49 €",
    "precio_por_unidad": "(1,49 €/kg)",
    "imagen": "https://www.dia.es/product_images/272538/272538_ISO_0_ES.jpg?imwidth=392"
  },
  {
    "categoria": "Yogures naturales",
    "nombre": "Yogur natural Danone pack 8 x 120 g",
    "precio_unitario": "1,99 €",
    "precio_por_unidad": "(2,07 €/kg)",
    "imagen": "https://www.dia.es/product_images/141743/141743_ISO_0_ES.jpg?imwidth=392"
  },
  {
    "categoria": "Yogures naturales",
    "nombre": "Yogur natural azucarado Danone pack 8 x 120 g",
    "precio_unitario": "1,99 €",
    "precio_por_unidad": "(2,07 €/kg)",
    "imagen": "https://www.dia.es/product_images/42471/42471_ISO_0_ES.jpg?imwidth=392"
  },
  {
    "categoria": "Yogures naturales",
    "nombre": "Yogur natural Danone pack 4 x 120 g",
    "precio_unitario": "1,00 €",
    "precio_por_unidad": "(2,08 €/kg)",
    "imagen": "https://www.dia.es/product_images/13963/13963_ISO_0_ES.jpg?imwidth=392"
  },
  {
    "categoria": "Yogures naturales",
    "nombre": "Yogur natural líquido con azúcar de caña Dia Láctea botella 1 Kg",
    "precio_unitario": "1,45 €",
    "precio_por_unidad": "(1,45 €/kg)",
    "imagen": "https://www.dia.es/product_images/254924/254924_ISO_0_ES.jpg?imwidth=392"
  },
  {
    "categoria": "Yogures naturales",
    "nombre": "Postre sin lactosa natural azucarado Dia Láctea pack 4 x 125 g",
    "precio_unitario": "1,55 €",
    "precio_por_unidad": "(3,10 €/kg)",
    "imagen": "https://www.dia.es/product_images/219339/219339_ISO_0_ES.jpg?imwidth=392"
  },
  {
    "categoria": "Yogures naturales",
    "nombre": "Yogur natural azucarado Danone pack 4 x 120 g",
    "precio_unitario": "1,00 €",
    "precio_por_unidad": "(2,08 €/kg)",
    "imagen": "https://www.dia.es/product_images/13964/13964_ISO_0_ES.jpg?imwidth=392"
  },
  {
    "categoria": "Yogures naturales",
    "nombre": "Yogur natural Danone pack 2 x 130 g",
    "precio_unitario": "2,05 €",
    "precio_por_unidad": "(7,88 €/kg)",
    "imagen": "https://www.dia.es/product_images/187508/187508_ISO_0_ES.jpg?imwidth=392"
  },
  {
    "categoria": "Yogures naturales",
    "nombre": "Yogur natural de cabra Suerte Ampanera frasco 420 g",
    "precio_unitario": "3,15 €",
    "precio_por_unidad": "(7,50 €/kg)",
    "imagen": "https://www.dia.es/product_images/275737/275737_ISO_0_ES.jpg?imwidth=392"
  },
  {
    "categoria": "Yogures desnatados",
    "nombre": "Yogur desnatado con frutas Dia Láctea pack 8 x 125 g",
    "precio_unitario": "2,05 €",
    "precio_por_unidad": "(2,05 €/kg)",
    "imagen": "https://www.dia.es/product_images/5684/5684_ISO_0_ES.jpg?imwidth=392"
  },
  {
    "categoria": "Yogures desnatados",
    "nombre": "Yogur desnatado sabor limón, fresa y piña Dia Láctea pack 6 x 125 g",
    "precio_unitario": "1,39 €",
    "precio_por_unidad": "(1,85 €/kg)",
    "imagen": "https://www.dia.es/product_images/145652/145652_ISO_0_ES.jpg?imwidth=392"
  },
  {
    "categoria": "Yogures desnatados",
    "nombre": "Yogur natural desnatado edulcorado Dia Láctea pack 6 x 125 g",
    "precio_unitario": "1,05 €",
    "precio_por_unidad": "(1,40 €/kg)",
    "imagen": "https://www.dia.es/product_images/128592/128592_ISO_0_ES.jpg?imwidth=392"
  },
  {
    "categoria": "Yogures desnatados",
    "nombre": "Yogur natural desnatado Dia Láctea pack 6 x 125 g",
    "precio_unitario": "1,05 €",
    "precio_por_unidad": "(1,40 €/kg)",
    "imagen": "https://www.dia.es/product_images/128591/128591_ISO_0_ES.jpg?imwidth=392"
  },
  {
    "categoria": "Yogures desnatados",
    "nombre": "Yogur desnatado sabor fresa zero Danone pack 4 x 120 g",
    "precio_unitario": "1,29 €",
    "precio_por_unidad": "(2,69 €/kg)",
    "imagen": "https://www.dia.es/product_images/303024/303024_ISO_0_ES.jpg?imwidth=392"
  },
  {
    "categoria": "Yogures desnatados",
    "nombre": "Yogur natural desnatado zero Danone pack 4 x 120 g",
    "precio_unitario": "1,29 €",
    "precio_por_unidad": "(2,69 €/kg)",
    "imagen": "https://www.dia.es/product_images/303015/303015_ISO_0_ES.jpg?imwidth=392"
  },
  {
    "categoria": "Yogures de sabores y frutas",
    "nombre": "Yogur sabores Dia Láctea pack 16 x 125 g",
    "precio_unitario": "2,60 €",
    "precio_por_unidad": "(1,30 €/kg)",
    "imagen": "https://www.dia.es/product_images/100604/100604_ISO_0_ES.jpg?imwidth=392"
  },
  {
    "categoria": "Yogures de sabores y frutas",
    "nombre": "Yogur de fresa líquido Dia Láctea pack 12 x 100 g",
    "precio_unitario": "2,39 €",
    "precio_por_unidad": "(1,99 €/kg)",
    "imagen": "https://www.dia.es/product_images/274134/274134_ISO_0_ES.jpg?imwidth=392"
  },
  {
    "categoria": "Yogures de sabores y frutas",
    "nombre": "Yogur sabor coco Dia Láctea pack 4 x 125 g",
    "precio_unitario": "0,79 €",
    "precio_por_unidad": "(1,58 €/kg)",
    "imagen": "https://www.dia.es/product_images/275848/275848_ISO_0_ES.jpg?imwidth=392"
  },
  {
    "categoria": "Yogures de sabores y frutas",
    "nombre": "Yogur líquido sabor fresa y plátano Dia Láctea botella 1 Kg",
    "precio_unitario": "1,45 €",
    "precio_por_unidad": "(1,45 €/kg)",
    "imagen": "https://www.dia.es/product_images/254923/254923_ISO_0_ES.jpg?imwidth=392"
  },
  {
    "categoria": "Yogures de sabores y frutas",
    "nombre": "Yogur sabor limón Dia Láctea pack 4 x 125 g",
    "precio_unitario": "0,79 €",
    "precio_por_unidad": "(1,58 €/kg)",
    "imagen": "https://www.dia.es/product_images/275849/275849_ISO_0_ES.jpg?imwidth=392"
  },
  {
    "categoria": "Yogures de sabores y frutas",
    "nombre": "Yogur con frutas Dia Láctea pack 8 x 125 g",
    "precio_unitario": "2,10 €",
    "precio_por_unidad": "(2,10 €/kg)",
    "imagen": "https://www.dia.es/product_images/14277/14277_ISO_0_ES.jpg?imwidth=392"
  },
  {
    "categoria": "Yogures de sabores y frutas",
    "nombre": "Yogur sabor coco, fresa, frutos del bosque y macedonia Danone pack 8 x 120 g",
    "precio_unitario": "1,99 €",
    "precio_por_unidad": "(2,07 €/kg)",
    "imagen": "https://www.dia.es/product_images/187603/187603_ISO_0_ES.jpg?imwidth=392"
  },
  {
    "categoria": "Yogures de sabores y frutas",
    "nombre": "Yogur sabor fresa Danone pack 4 x 120 g",
    "precio_unitario": "1,00 €",
    "precio_por_unidad": "(2,08 €/kg)",
    "imagen": "https://www.dia.es/product_images/204987/204987_ISO_0_ES.jpg?imwidth=392"
  },
  {
    "categoria": "Yogures de sabores y frutas",
    "nombre": "Yogur sabor fresa y plátano Dia Láctea pack 8 x 125 g",
    "precio_unitario": "1,59 €",
    "precio_por_unidad": "(1,59 €/kg)",
    "imagen": "https://www.dia.es/product_images/72791/72791_ISO_0_ES.jpg?imwidth=392"
  },
  {
    "categoria": "Yogures de sabores y frutas",
    "nombre": "Yogur líquido sabor fresa Dia Láctea botella 1 Kg",
    "precio_unitario": "1,45 €",
    "precio_por_unidad": "(1,45 €/kg)",
    "imagen": "https://www.dia.es/product_images/254922/254922_ISO_0_ES.jpg?imwidth=392"
  },
  {
    "categoria": "Yogures de sabores y frutas",
    "nombre": "Yogur sabor galleta Dia Láctea pack 4 x 125 g",
    "precio_unitario": "0,79 €",
    "precio_por_unidad": "(1,58 €/kg)",
    "imagen": "https://www.dia.es/product_images/275847/275847_ISO_0_ES.jpg?imwidth=392"
  },
  {
    "categoria": "Yogures de sabores y frutas",
    "nombre": "Yogur líquido sabor melocotón y maracuyá Dia Láctea botella 1 Kg",
    "precio_unitario": "1,45 €",
    "precio_por_unidad": "(1,45 €/kg)",
    "imagen": "https://www.dia.es/product_images/280177/280177_ISO_0_ES.jpg?imwidth=392"
  },
  {
    "categoria": "Yogures de sabores y frutas",
    "nombre": "Yogur líquido sabor piña y coco Dia Láctea botella 1 Kg",
    "precio_unitario": "1,45 €",
    "precio_por_unidad": "(1,45 €/kg)",
    "imagen": "https://www.dia.es/product_images/254921/254921_ISO_0_ES.jpg?imwidth=392"
  },
  {
    "categoria": "Yogures de sabores y frutas",
    "nombre": "Yogur sabor macedonia Danone pack 4 x 120 g",
    "precio_unitario": "1,00 €",
    "precio_por_unidad": "(2,08 €/kg)",
    "imagen": "https://www.dia.es/product_images/204988/204988_ISO_0_ES.jpg?imwidth=392"
  },
  {
    "categoria": "Yogures de sabores y frutas",
    "nombre": "Yogur líquido sabor fresa y plátano Dia Láctea pack 4 x 180 g",
    "precio_unitario": "1,99 €",
    "precio_por_unidad": "(2,76 €/kg)",
    "imagen": "https://www.dia.es/product_images/205748/205748_ISO_0_ES.jpg?imwidth=392"
  },
  {
    "categoria": "Yogures de sabores y frutas",
    "nombre": "Yogur sabor fresa, macedonia, limón y galleta Danone pack 8 x 120 g",
    "precio_unitario": "1,99 €",
    "precio_por_unidad": "(2,07 €/kg)",
    "imagen": "https://www.dia.es/product_images/123854/123854_ISO_0_ES.jpg?imwidth=392"
  },
  {
    "categoria": "Yogures de sabores y frutas",
    "nombre": "Yogur sabor coco Danone pack 4 x 125 g",
    "precio_unitario": "1,00 €",
    "precio_por_unidad": "(2,08 €/kg)",
    "imagen": "https://www.dia.es/product_images/204986/204986_ISO_0_ES.jpg?imwidth=392"
  },
  {
    "categoria": "Yogures de sabores y frutas",
    "nombre": "Yogur sabor fresa Dia Láctea pack 4 x 125 g",
    "precio_unitario": "0,79 €",
    "precio_por_unidad": "(1,58 €/kg)",
    "imagen": "https://www.dia.es/product_images/5114/5114_ISO_0_ES.jpg?imwidth=392"
  },
  {
    "categoria": "Yogures de sabores y frutas",
    "nombre": "Yogur sabor plátano Dia Láctea pack 4 x 125 g",
    "precio_unitario": "0,79 €",
    "precio_por_unidad": "(1,58 €/kg)",
    "imagen": "https://www.dia.es/product_images/275251/275251_ISO_0_ES.jpg?imwidth=392"
  },
  {
    "categoria": "Yogures de sabores y frutas",
    "nombre": "Yogur cremoso con cereza y granola Dia Láctea vaso 230 g",
    "precio_unitario": "1,49 €",
    "precio_por_unidad": "(6,48 €/kg)",
    "imagen": "https://www.dia.es/product_images/295739/295739_ISO_0_ES.jpg?imwidth=392"
  },
  {
    "categoria": "Yogures de sabores y frutas",
    "nombre": "Yogur cremoso con naranja y granola Dia Láctea vaso 230 g",
    "precio_unitario": "1,49 €",
    "precio_por_unidad": "(6,48 €/kg)",
    "imagen": "https://www.dia.es/product_images/295738/295738_ISO_0_ES.jpg?imwidth=392"
  },
  {
    "categoria": "Yogures de sabores y frutas",
    "nombre": "Yogur cremoso con stracciatella Dia Láctea tarrina 1 Kg",
    "precio_unitario": "2,49 €",
    "precio_por_unidad": "(2,49 €/kg)",
    "imagen": "https://www.dia.es/product_images/295531/295531_ISO_0_ES.jpg?imwidth=392"
  },
  {
    "categoria": "Yogures de sabores y frutas",
    "nombre": "Yogur cremoso con melocotón y maracuyá Dia Láctea tarrina 1 Kg",
    "precio_unitario": "2,49 €",
    "precio_por_unidad": "(2,49 €/kg)",
    "imagen": "https://www.dia.es/product_images/295530/295530_ISO_0_ES.jpg?imwidth=392"
  },
  {
    "categoria": "Yogures de sabores y frutas",
    "nombre": "Yogur cremoso con fresa Dia Láctea tarrina 1 Kg",
    "precio_unitario": "2,49 €",
    "precio_por_unidad": "(2,49 €/kg)",
    "imagen": "https://www.dia.es/product_images/295529/295529_ISO_0_ES.jpg?imwidth=392"
  },
  {
    "categoria": "Yogures de sabores y frutas",
    "nombre": "Yogur líquido con proteínas sabor stracciatella Yopro botella 300 g",
    "precio_unitario": "2,49 €",
    "precio_por_unidad": "(8,30 €/kg)",
    "imagen": "https://www.dia.es/product_images/287158/287158_ISO_0_ES.jpg?imwidth=392"
  },
  {
    "categoria": "Yogures de sabores y frutas",
    "nombre": "Yogur líquido con proteínas sabor mango Yopro botella 300 g",
    "precio_unitario": "2,49 €",
    "precio_por_unidad": "(8,30 €/kg)",
    "imagen": "https://www.dia.es/product_images/284942/284942_ISO_0_ES.jpg?imwidth=392"
  },
  {
    "categoria": "Yogures de sabores y frutas",
    "nombre": "Yogur líquido de fresa Dia Láctea pack 4 x 180 g",
    "precio_unitario": "1,99 €",
    "precio_por_unidad": "(2,76 €/kg)",
    "imagen": "https://www.dia.es/product_images/265283/265283_ISO_0_ES.jpg?imwidth=392"
  },
  {
    "categoria": "Yogures de sabores y frutas",
    "nombre": "Yogur artesanal con frambuesa Pastoret vaso 125 g",
    "precio_unitario": "0,89 €",
    "precio_por_unidad": "(7,12 €/kg)",
    "imagen": "https://www.dia.es/product_images/264103/264103_ISO_0_ES.jpg?imwidth=392"
  },
  {
    "categoria": "Yogures de sabores y frutas",
    "nombre": "Yogur desnatado líquido sabor fresa Dia Láctea botella 1 Kg",
    "precio_unitario": "1,45 €",
    "precio_por_unidad": "(1,45 €/kg)",
    "imagen": "https://www.dia.es/product_images/255777/255777_ISO_0_ES.jpg?imwidth=392"
  },
  {
    "categoria": "Yogures de sabores y frutas",
    "nombre": "Postre sin lactosa sabor fresa Dia Láctea pack 4 x 125 g",
    "precio_unitario": "1,55 €",
    "precio_por_unidad": "(3,10 €/kg)",
    "imagen": "https://www.dia.es/product_images/252544/252544_ISO_0_ES.jpg?imwidth=392"
  },
  {
    "categoria": "Yogures de sabores y frutas",
    "nombre": "Yogur artesanal con melocotón y maracuyá Pastoret vaso 125 g",
    "precio_unitario": "0,89 €",
    "precio_por_unidad": "(7,12 €/kg)",
    "imagen": "https://www.dia.es/product_images/246363/246363_ISO_0_ES.jpg?imwidth=392"
  },
  {
    "categoria": "Yogures de sabores y frutas",
    "nombre": "Yogur sabor limón Danone pack 4 x 125 g",
    "precio_unitario": "1,00 €",
    "precio_por_unidad": "(2,00 €/kg)",
    "imagen": "https://www.dia.es/product_images/204985/204985_ISO_0_ES.jpg?imwidth=392"
  },
  {
    "categoria": "Yogures de sabores y frutas",
    "nombre": "Yogur con fresa Danone pack 2 x 130 g",
    "precio_unitario": "1,99 €",
    "precio_por_unidad": "(7,65 €/kg)",
    "imagen": "https://www.dia.es/product_images/104887/104887_ISO_0_ES.jpg?imwidth=392"
  },
  {
    "categoria": "Griegos y mousse",
    "nombre": "Yogur griego stracciatella Fidias de Dia pack 6 x 125 g",
    "precio_unitario": "1,90 €",
    "precio_por_unidad": "(2,53 €/kg)",
    "imagen": "https://www.dia.es/product_images/272542/272542_ISO_0_ES.jpg?imwidth=392"
  },
  {
    "categoria": "Griegos y mousse",
    "nombre": "Yogur griego natural Fidias de Dia pack 6 x 125 g",
    "precio_unitario": "1,55 €",
    "precio_por_unidad": "(2,07 €/kg)",
    "imagen": "https://www.dia.es/product_images/135285/135285_ISO_0_ES.jpg?imwidth=392"
  },
  {
    "categoria": "Griegos y mousse",
    "nombre": "Yogur griego natural azucarado Fidias de Dia pack 6 x 125 g",
    "precio_unitario": "1,55 €",
    "precio_por_unidad": "(2,07 €/kg)",
    "imagen": "https://www.dia.es/product_images/135286/135286_ISO_0_ES.jpg?imwidth=392"
  },
  {
    "categoria": "Griegos y mousse",
    "nombre": "Yogur griego con fresa Fidias de Dia pack 6 x 125 g",
    "precio_unitario": "1,80 €",
    "precio_por_unidad": "(2,40 €/kg)",
    "imagen": "https://www.dia.es/product_images/135291/135291_ISO_0_ES.jpg?imwidth=392"
  },
  {
    "categoria": "Griegos y mousse",
    "nombre": "Yogur griego Fidias de Dia vaso 1 Kg",
    "precio_unitario": "2,40 €",
    "precio_por_unidad": "(2,40 €/kg)",
    "imagen": "https://www.dia.es/product_images/165956/165956_ISO_0_ES.jpg?imwidth=392"
  },
  {
    "categoria": "Griegos y mousse",
    "nombre": "Yogur griego con nueces Fidias de Dia pack 4 x 125 g",
    "precio_unitario": "1,69 €",
    "precio_por_unidad": "(3,38 €/kg)",
    "imagen": "https://www.dia.es/product_images/272513/272513_ISO_0_ES.jpg?imwidth=392"
  },
  {
    "categoria": "Griegos y mousse",
    "nombre": "Yogur griego con mora y frambuesa Fidias de Dia pack 4 x 125 g",
    "precio_unitario": "1,75 €",
    "precio_por_unidad": "(3,50 €/kg)",
    "imagen": "https://www.dia.es/product_images/174098/174098_ISO_0_ES.jpg?imwidth=392"
  },
  {
    "categoria": "Griegos y mousse",
    "nombre": "Yogur griego natural con azúcar de caña Fidias de Dia tarrina 1 kg",
    "precio_unitario": "2,40 €",
    "precio_por_unidad": "(2,40 €/kg)",
    "imagen": "https://www.dia.es/product_images/295081/295081_ISO_0_ES.jpg?imwidth=392"
  },
  {
    "categoria": "Griegos y mousse",
    "nombre": "Yogur griego stracciatella Danone vaso 4 x 110 g",
    "precio_unitario": "1,49 €",
    "precio_por_unidad": "(3,39 €/kg)",
    "imagen": "https://www.dia.es/product_images/294221/294221_ISO_0_ES.jpg?imwidth=392"
  },
  {
    "categoria": "Griegos y mousse",
    "nombre": "Yogur griego con lima y limón Fidias de Dia pack 4 x 125 g",
    "precio_unitario": "1,69 €",
    "precio_por_unidad": "(3,38 €/kg)",
    "imagen": "https://www.dia.es/product_images/272514/272514_ISO_0_ES.jpg?imwidth=392"
  },
  {
    "categoria": "Griegos y mousse",
    "nombre": "Yogur griego natural ligero Fidias de Dia pack 6 x 125 g",
    "precio_unitario": "1,55 €",
    "precio_por_unidad": "(2,07 €/kg)",
    "imagen": "https://www.dia.es/product_images/303599/303599_ISO_0_ES.jpg?imwidth=392"
  },
  {
    "categoria": "Griegos y mousse",
    "nombre": "Yogur griego natural Danone pack 4 x 110 g",
    "precio_unitario": "1,49 €",
    "precio_por_unidad": "(3,39 €/kg)",
    "imagen": "https://www.dia.es/product_images/142181/142181_ISO_0_ES.jpg?imwidth=392"
  },
  {
    "categoria": "Griegos y mousse",
    "nombre": "Yogur griego con fresa Fidias de Dia pack 4 x 125 g",
    "precio_unitario": "1,69 €",
    "precio_por_unidad": "(3,38 €/kg)",
    "imagen": "https://www.dia.es/product_images/115176/115176_ISO_0_ES.jpg?imwidth=392"
  },
  {
    "categoria": "Griegos y mousse",
    "nombre": "Yogur griego lima-limón Danone pack 4 x 110 g",
    "precio_unitario": "1,49 €",
    "precio_por_unidad": "(3,39 €/kg)",
    "imagen": "https://www.dia.es/product_images/301464/301464_ISO_0_ES.jpg?imwidth=392"
  },
  {
    "categoria": "Griegos y mousse",
    "nombre": "Yogur griego con manzana y canela Fidias de Dia pack 4 x 125 g",
    "precio_unitario": "1,75 €",
    "precio_por_unidad": "(3,50 €/kg)",
    "imagen": "https://www.dia.es/product_images/264770/264770_ISO_0_ES.jpg?imwidth=392"
  },
  {
    "categoria": "Griegos y mousse",
    "nombre": "Yogur griego con plátano y caramelo Fidias de Dia pack 4 x 125 g",
    "precio_unitario": "1,75 €",
    "precio_por_unidad": "(3,50 €/kg)",
    "imagen": "https://www.dia.es/product_images/264771/264771_ISO_0_ES.jpg?imwidth=392"
  },
  {
    "categoria": "Griegos y mousse",
    "nombre": "Yogur griego natural azucarado Oikos pack 4 x 110 g",
    "precio_unitario": "2,79 €",
    "precio_por_unidad": "(6,34 €/kg)",
    "imagen": "https://www.dia.es/product_images/165868/165868_ISO_0_ES.jpg?imwidth=392"
  },
  {
    "categoria": "Griegos y mousse",
    "nombre": "Yogur griego stracciatella Oikos pack 4 x 110 g",
    "precio_unitario": "2,79 €",
    "precio_por_unidad": "(6,34 €/kg)",
    "imagen": "https://www.dia.es/product_images/266733/266733_ISO_0_ES.jpg?imwidth=392"
  },
  {
    "categoria": "Griegos y mousse",
    "nombre": "Yogur griego tarta de arándanos Oikos pack 2 x 110 g",
    "precio_unitario": "1,79 €",
    "precio_por_unidad": "(8,14 €/kg)",
    "imagen": "https://www.dia.es/product_images/245399/245399_ISO_0_ES.jpg?imwidth=392"
  },
  {
    "categoria": "Griegos y mousse",
    "nombre": "Yogur griego con fresas Oikos pack 4 x 110 g",
    "precio_unitario": "2,79 €",
    "precio_por_unidad": "(6,34 €/kg)",
    "imagen": "https://www.dia.es/product_images/266732/266732_ISO_0_ES.jpg?imwidth=392"
  },
  {
    "categoria": "Griegos y mousse",
    "nombre": "Yogur griego con caramelo Oikos pack 2 x 110 g",
    "precio_unitario": "1,79 €",
    "precio_por_unidad": "(8,14 €/kg)",
    "imagen": "https://www.dia.es/product_images/218462/218462_ISO_0_ES.jpg?imwidth=392"
  },
  {
    "categoria": "Griegos y mousse",
    "nombre": "Yogur griego natural Oikos pack 4 x 110 g",
    "precio_unitario": "2,79 €",
    "precio_por_unidad": "(6,34 €/kg)",
    "imagen": "https://www.dia.es/product_images/165867/165867_ISO_0_ES.jpg?imwidth=392"
  },
  {
    "categoria": "Yogures infantiles",
    "nombre": "Petit de fresa y plátano Dia Láctea pack 6 x 50 g",
    "precio_unitario": "0,97 €",
    "precio_por_unidad": "(3,23 €/kg)",
    "imagen": "https://www.dia.es/product_images/265288/265288_ISO_0_ES.jpg?imwidth=392"
  },
  {
    "categoria": "Yogures infantiles",
    "nombre": "Petit de fresa líquido Dia Láctea pack 4 x 80 g",
    "precio_unitario": "1,89 €",
    "precio_por_unidad": "(5,91 €/kg)",
    "imagen": "https://www.dia.es/product_images/265284/265284_ISO_0_ES.jpg?imwidth=392"
  },
  {
    "categoria": "Yogures infantiles",
    "nombre": "Yogur de fresa líquido Danonino pack 4 x 70 g",
    "precio_unitario": "2,59 €",
    "precio_por_unidad": "(9,25 €/kg)",
    "imagen": "https://www.dia.es/product_images/231491/231491_ISO_0_ES.jpg?imwidth=392"
  },
  {
    "categoria": "Yogures infantiles",
    "nombre": "Petit de fresa Dia Láctea pack 6 x 50 g",
    "precio_unitario": "0,97 €",
    "precio_por_unidad": "(3,23 €/kg)",
    "imagen": "https://www.dia.es/product_images/265287/265287_ISO_0_ES.jpg?imwidth=392"
  },
  {
    "categoria": "Yogures infantiles",
    "nombre": "Petit de chocolate Nesquik pack 6 x 60 g",
    "precio_unitario": "1,79 €",
    "precio_por_unidad": "(4,97 €/kg)",
    "imagen": "https://www.dia.es/product_images/27687/27687_ISO_0_ES.jpg?imwidth=392"
  },
  {
    "categoria": "Yogures infantiles",
    "nombre": "Petit de fresa Danonino pack 6 x 50 g",
    "precio_unitario": "1,47 €",
    "precio_por_unidad": "(4,90 €/kg)",
    "imagen": "https://www.dia.es/product_images/12679/12679_ISO_0_ES.jpg?imwidth=392"
  },
  {
    "categoria": "Yogures infantiles",
    "nombre": "Yogur azucarado y galleta con chocolate blanco Reina pack 2 x 143 g",
    "precio_unitario": "1,89 €",
    "precio_por_unidad": "(6,61 €/kg)",
    "imagen": "https://www.dia.es/product_images/203641/203641_ISO_0_ES.jpg?imwidth=392"
  },
  {
    "categoria": "Yogures infantiles",
    "nombre": "Yogur azucarado y trocitos de galleta con chocolate Nestlé pack 2 x 115 g",
    "precio_unitario": "1,99 €",
    "precio_por_unidad": "(8,65 €/kg)",
    "imagen": "https://www.dia.es/product_images/131232/131232_ISO_0_ES.jpg?imwidth=392"
  },
  {
    "categoria": "Yogures infantiles",
    "nombre": "Yogur con fresas y grageas de chocolate con leche Nestlé pack 2 x 128 g",
    "precio_unitario": "1,99 €",
    "precio_por_unidad": "(8,65 €/kg)",
    "imagen": "https://www.dia.es/product_images/132719/132719_ISO_0_ES.jpg?imwidth=392"
  },
  {
    "categoria": "Yogures infantiles",
    "nombre": "Petit de fresa y plátano Dia Láctea pack 4 x 100 g",
    "precio_unitario": "1,28 €",
    "precio_por_unidad": "(3,20 €/kg)",
    "imagen": "https://www.dia.es/product_images/265286/265286_ISO_0_ES.jpg?imwidth=392"
  },
  {
    "categoria": "Yogures infantiles",
    "nombre": "Petit de fresa y plátano Danonino pack 6 x 50 g",
    "precio_unitario": "1,47 €",
    "precio_por_unidad": "(4,90 €/kg)",
    "imagen": "https://www.dia.es/product_images/203876/203876_ISO_0_ES.jpg?imwidth=392"
  },
  {
    "categoria": "Yogures infantiles",
    "nombre": "Petit de fresa Dia Láctea pack 4 x 100 g",
    "precio_unitario": "1,28 €",
    "precio_por_unidad": "(3,20 €/kg)",
    "imagen": "https://www.dia.es/product_images/265285/265285_ISO_0_ES.jpg?imwidth=392"
  },
  {
    "categoria": "Yogures de soja y enriquecidos",
    "nombre": "Postre vegetal de soja sabor chocolate Vegedia pack 4 x 100 g",
    "precio_unitario": "1,49 €",
    "precio_por_unidad": "(3,73 €/kg)",
    "imagen": "https://www.dia.es/product_images/119585/119585_ISO_0_ES.jpg?imwidth=392"
  },
  {
    "categoria": "Yogures de soja y enriquecidos",
    "nombre": "Postre vegetal de soja sabor vainilla Vegedia pack 4 x 100 g",
    "precio_unitario": "1,49 €",
    "precio_por_unidad": "(3,73 €/kg)",
    "imagen": "https://www.dia.es/product_images/274982/274982_ISO_0_ES.jpg?imwidth=392"
  },
  {
    "categoria": "Yogures de soja y enriquecidos",
    "nombre": "Postre de soja con arándanos Alpro vaso 400 g",
    "precio_unitario": "2,29 €",
    "precio_por_unidad": "(5,73 €/kg)",
    "imagen": "https://www.dia.es/product_images/274008/274008_ISO_0_ES.jpg?imwidth=392"
  },
  {
    "categoria": "Yogures de soja y enriquecidos",
    "nombre": "Postre de soja sabor vainilla Alpro vaso 400 g",
    "precio_unitario": "2,29 €",
    "precio_por_unidad": "(5,73 €/kg)",
    "imagen": "https://www.dia.es/product_images/260027/260027_ISO_0_ES.jpg?imwidth=392"
  },
  {
    "categoria": "Yogures de soja y enriquecidos",
    "nombre": "Postre de soja sabor arándanos y frutos rojos Alpro pack 4 x 125 g",
    "precio_unitario": "2,59 €",
    "precio_por_unidad": "(5,18 €/kg)",
    "imagen": "https://www.dia.es/product_images/248781/248781_ISO_0_ES.jpg?imwidth=392"
  },
  {
    "categoria": "Yogures de soja y enriquecidos",
    "nombre": "Postre vegetal de coco natural Alpro tarrina 350 g",
    "precio_unitario": "2,59 €",
    "precio_por_unidad": "(7,40 €/kg)",
    "imagen": "https://www.dia.es/product_images/283428/283428_ISO_0_ES.jpg?imwidth=392"
  },
  {
    "categoria": "Yogures de soja y enriquecidos",
    "nombre": "Postre de soja sabor melocotón, piña y fruta de la pasión Alpro pack 4 x 125 g",
    "precio_unitario": "2,59 €",
    "precio_por_unidad": "(5,18 €/kg)",
    "imagen": "https://www.dia.es/product_images/248784/248784_ISO_0_ES.jpg?imwidth=392"
  },
  {
    "categoria": "Kéfir y otros yogures",
    "nombre": "Kéfir Dia Láctea vaso 500 g",
    "precio_unitario": "1,59 €",
    "precio_por_unidad": "(3,18 €/kg)",
    "imagen": "https://www.dia.es/product_images/253810/253810_ISO_0_ES.jpg?imwidth=392"
  },
  {
    "categoria": "Kéfir y otros yogures",
    "nombre": "Kéfir Pastoret tarrina 500 g",
    "precio_unitario": "2,45 €",
    "precio_por_unidad": "(4,90 €/kg)",
    "imagen": "https://www.dia.es/product_images/244885/244885_ISO_0_ES.jpg?imwidth=392"
  },
  {
    "categoria": "Kéfir y otros yogures",
    "nombre": "Postre natural de soja con coco Alpro vaso 400 g",
    "precio_unitario": "2,29 €",
    "precio_por_unidad": "(5,73 €/kg)",
    "imagen": "https://www.dia.es/product_images/248783/248783_ISO_0_ES.jpg?imwidth=392"
  },
  {
    "categoria": "Kéfir y otros yogures",
    "nombre": "Postre de soja sabor mango Alpro vaso 400 g",
    "precio_unitario": "2,59 €",
    "precio_por_unidad": "(6,48 €/kg)",
    "imagen": "https://www.dia.es/product_images/278516/278516_ISO_0_ES.jpg?imwidth=392"
  },
  {
    "categoria": "Kéfir y otros yogures",
    "nombre": "Yogur de soja sabor frutos rojos Alpro vaso 400 g",
    "precio_unitario": "2,59 €",
    "precio_por_unidad": "(6,48 €/kg)",
    "imagen": "https://www.dia.es/product_images/278517/278517_ISO_0_ES.jpg?imwidth=392"
  },
  {
    "categoria": "Kéfir y otros yogures",
    "nombre": "Kéfir Activia vaso 345 g",
    "precio_unitario": "1,99 €",
    "precio_por_unidad": "(5,77 €/kg)",
    "imagen": "https://www.dia.es/product_images/304786/304786_ISO_0_ES.jpg?imwidth=392"
  },
  {
    "categoria": "Kéfir y otros yogures",
    "nombre": "Kéfir desnatado Pastoret vaso 500 g",
    "precio_unitario": "2,45 €",
    "precio_por_unidad": "(4,90 €/kg)",
    "imagen": "https://www.dia.es/product_images/280088/280088_ISO_0_ES.jpg?imwidth=392"
  },
  {
    "categoria": "Kéfir y otros yogures",
    "nombre": "Postre natural con avena Alpro vaso 400 g",
    "precio_unitario": "2,29 €",
    "precio_por_unidad": "(5,73 €/kg)",
    "imagen": "https://www.dia.es/product_images/248782/248782_ISO_0_ES.jpg?imwidth=392"
  },
  {
    "categoria": "Kéfir y otros yogures",
    "nombre": "Yogur natural desnatado rico en proteínas Reina vaso 180 g",
    "precio_unitario": "0,89 €",
    "precio_por_unidad": "(4,94 €/kg)",
    "imagen": "https://www.dia.es/product_images/285683/285683_ISO_0_ES.jpg?imwidth=392"
  },
  {
    "categoria": "Kéfir y otros yogures",
    "nombre": "Kéfir de cabra Suerte Ampanera vaso 420 g",
    "precio_unitario": "3,15 €",
    "precio_por_unidad": "(7,50 €/kg)",
    "imagen": "https://www.dia.es/product_images/275738/275738_ISO_0_ES.jpg?imwidth=392"
  },
  {
    "categoria": "Cuajada",
    "nombre": "Cuajada Caprichoso Dia pack 4 x 125 g",
    "precio_unitario": "1,00 €",
    "precio_por_unidad": "(2,00 €/kg)",
    "imagen": "https://www.dia.es/product_images/27195/27195_ISO_0_ES.jpg?imwidth=392"
  },
  {
    "categoria": "Cuajada",
    "nombre": "Cuajada sin azúcar Danone pack 2 x 135 g",
    "precio_unitario": "1,49 €",
    "precio_por_unidad": "(5,52 €/kg)",
    "imagen": "https://www.dia.es/product_images/12692/12692_ISO_0_ES.jpg?imwidth=392"
  },
  {
    "categoria": "Arroz con leche y postre tradicional",
    "nombre": "Arroz con leche con canela Caprichoso Dia pack 4 x 125 g",
    "precio_unitario": "1,35 €",
    "precio_por_unidad": "(2,70 €/kg)",
    "imagen": "https://www.dia.es/product_images/85630/85630_ISO_0_ES.jpg?imwidth=392"
  },
  {
    "categoria": "Arroz con leche y postre tradicional",
    "nombre": "Arroz con leche con canela Caprichoso Dia pack 2 x 125 g",
    "precio_unitario": "1,49 €",
    "precio_por_unidad": "(5,96 €/kg)",
    "imagen": "https://www.dia.es/product_images/298435/298435_ISO_0_ES.jpg?imwidth=392"
  },
  {
    "categoria": "Natillas y flan",
    "nombre": "Flan de vainilla Caprichoso Dia pack 6 x 100 g",
    "precio_unitario": "0,99 €",
    "precio_por_unidad": "(1,65 €/kg)",
    "imagen": "https://www.dia.es/product_images/105814/105814_ISO_0_ES.jpg?imwidth=392"
  },
  {
    "categoria": "Natillas y flan",
    "nombre": "Natillas de vainilla con galleta Caprichoso Dia pack 4 x 125 g",
    "precio_unitario": "1,25 €",
    "precio_por_unidad": "(2,50 €/kg)",
    "imagen": "https://www.dia.es/product_images/113550/113550_ISO_0_ES.jpg?imwidth=392"
  },
  {
    "categoria": "Natillas y flan",
    "nombre": "Flan de huevo con caramelo Caprichoso Dia pack 4 x 100 g",
    "precio_unitario": "1,35 €",
    "precio_por_unidad": "(3,38 €/kg)",
    "imagen": "https://www.dia.es/product_images/3387/3387_ISO_0_ES.jpg?imwidth=392"
  },
  {
    "categoria": "Natillas y flan",
    "nombre": "Natillas sabor vainilla Caprichoso Dia pack 4 x 125 g",
    "precio_unitario": "1,05 €",
    "precio_por_unidad": "(2,10 €/kg)",
    "imagen": "https://www.dia.es/product_images/294946/294946_ISO_0_ES.jpg?imwidth=392"
  },
  {
    "categoria": "Natillas y flan",
    "nombre": "Copa de chocolate y nata Caprichoso Dia pack 4 x 115 g",
    "precio_unitario": "1,30 €",
    "precio_por_unidad": "(2,83 €/kg)",
    "imagen": "https://www.dia.es/product_images/140493/140493_ISO_0_ES.jpg?imwidth=392"
  },
  {
    "categoria": "Natillas y flan",
    "nombre": "Natillas de chocolate Caprichoso Dia pack 4 x 125 g",
    "precio_unitario": "1,05 €",
    "precio_por_unidad": "(2,10 €/kg)",
    "imagen": "https://www.dia.es/product_images/294947/294947_ISO_0_ES.jpg?imwidth=392"
  },
  {
    "categoria": "Natillas y flan",
    "nombre": "Flan de queso Caprichoso Dia pack 2 x 100 g",
    "precio_unitario": "0,99 €",
    "precio_por_unidad": "(4,95 €/kg)",
    "imagen": "https://www.dia.es/product_images/301951/301951_ISO_0_ES.jpg?imwidth=392"
  },
  {
    "categoria": "Natillas y flan",
    "nombre": "Natillas de vainilla Danet pack 4 x 120 g",
    "precio_unitario": "1,99 €",
    "precio_por_unidad": "(4,15 €/kg)",
    "imagen": "https://www.dia.es/product_images/76114/76114_ISO_0_ES.jpg?imwidth=392"
  },
  {
    "categoria": "Natillas y flan",
    "nombre": "Natillas con galleta Reina pack 4 x 125 g",
    "precio_unitario": "1,65 €",
    "precio_por_unidad": "(3,30 €/kg)",
    "imagen": "https://www.dia.es/product_images/114672/114672_ISO_0_ES.jpg?imwidth=392"
  },
  {
    "categoria": "Natillas y flan",
    "nombre": "Flan de café Caprichoso Dia pack 2 x 100 g",
    "precio_unitario": "0,89 €",
    "precio_por_unidad": "(4,45 €/kg)",
    "imagen": "https://www.dia.es/product_images/301952/301952_ISO_0_ES.jpg?imwidth=392"
  },
  {
    "categoria": "Natillas y flan",
    "nombre": "Copa de cacao y nata Caprichoso Dia vaso 200 g",
    "precio_unitario": "0,79 €",
    "precio_por_unidad": "(3,95 €/kg)",
    "imagen": "https://www.dia.es/product_images/294950/294950_ISO_0_ES.jpg?imwidth=392"
  },
  {
    "categoria": "Natillas y flan",
    "nombre": "Copa de vainilla con caramelo y nata Caprichoso Dia pack 4 x 115 g",
    "precio_unitario": "1,39 €",
    "precio_por_unidad": "(3,02 €/kg)",
    "imagen": "https://www.dia.es/product_images/27955/27955_ISO_0_ES.jpg?imwidth=392"
  },
  {
    "categoria": "Natillas y flan",
    "nombre": "Crema de chocolate con bizcocho Caprichoso Dia pack 4 x 125 g",
    "precio_unitario": "1,75 €",
    "precio_por_unidad": "(3,50 €/kg)",
    "imagen": "https://www.dia.es/product_images/219104/219104_ISO_0_ES.jpg?imwidth=392"
  },
  {
    "categoria": "Natillas y flan",
    "nombre": "Flan de huevo al baño maría Reina pack 6 x 100 g",
    "precio_unitario": "2,95 €",
    "precio_por_unidad": "(4,92 €/kg)",
    "imagen": "https://www.dia.es/product_images/215779/215779_ISO_0_ES.jpg?imwidth=392"
  },
  {
    "categoria": "Natillas y flan",
    "nombre": "Crema bombón original Clesa pack 4 x 125 g",
    "precio_unitario": "1,59 €",
    "precio_por_unidad": "(3,18 €/kg)",
    "imagen": "https://www.dia.es/product_images/173384/173384_ISO_0_ES.jpg?imwidth=392"
  },
  {
    "categoria": "Natillas y flan",
    "nombre": "Natillas de chocolate Danet pack 4 x 120 g",
    "precio_unitario": "1,99 €",
    "precio_por_unidad": "(4,15 €/kg)",
    "imagen": "https://www.dia.es/product_images/76121/76121_ISO_0_ES.jpg?imwidth=392"
  },
  {
    "categoria": "Natillas y flan",
    "nombre": "Flan de huevo doble 0% Caprichoso Dia pack 2 x 100 g",
    "precio_unitario": "0,85 €",
    "precio_por_unidad": "(4,25 €/kg)",
    "imagen": "https://www.dia.es/product_images/301953/301953_ISO_0_ES.jpg?imwidth=392"
  },
  {
    "categoria": "Natillas y flan",
    "nombre": "Copa de chocolate de nata Danone pack 2 x 110 g",
    "precio_unitario": "1,59 €",
    "precio_por_unidad": "(7,23 €/kg)",
    "imagen": "https://www.dia.es/product_images/165035/165035_ISO_0_ES.jpg?imwidth=392"
  },
  {
    "categoria": "Natillas y flan",
    "nombre": "Natillas de chocolate alta en proteínas Dia Láctea tarrina 150 g",
    "precio_unitario": "0,99 €",
    "precio_por_unidad": "(6,60 €/kg)",
    "imagen": "https://www.dia.es/product_images/301332/301332_ISO_0_ES.jpg?imwidth=392"
  },
  {
    "categoria": "Natillas y flan",
    "nombre": "Natillas de vainilla sin azúcar Reina pack 4 x 125 g",
    "precio_unitario": "1,79 €",
    "precio_por_unidad": "(3,58 €/kg)",
    "imagen": "https://www.dia.es/product_images/184829/184829_ISO_0_ES.jpg?imwidth=392"
  },
  {
    "categoria": "Natillas y flan",
    "nombre": "Flan de huevo al baño maría Dhul pack 4 x 110 g",
    "precio_unitario": "2,65 €",
    "precio_por_unidad": "(6,02 €/kg)",
    "imagen": "https://www.dia.es/product_images/43458/43458_ISO_0_ES.jpg?imwidth=392"
  },
  {
    "categoria": "Natillas y flan",
    "nombre": "Natillas al huevo con manzana caramelizada Caprichoso Dia vaso 125 g",
    "precio_unitario": "0,99 €",
    "precio_por_unidad": "(7,92 €/kg)",
    "imagen": "https://www.dia.es/product_images/303661/303661_ISO_0_ES.jpg?imwidth=392"
  },
  {
    "categoria": "Natillas y flan",
    "nombre": "Natillas de vainilla alta en proteínas Danone pack 4 x 120 g",
    "precio_unitario": "2,29 €",
    "precio_por_unidad": "(4,77 €/kg)",
    "imagen": "https://www.dia.es/product_images/301461/301461_ISO_0_ES.jpg?imwidth=392"
  },
  {
    "categoria": "Natillas y flan",
    "nombre": "Natillas con caramelo alta en proteínas Dia Láctea tarrina 150 g",
    "precio_unitario": "0,99 €",
    "precio_por_unidad": "(6,60 €/kg)",
    "imagen": "https://www.dia.es/product_images/301333/301333_ISO_0_ES.jpg?imwidth=392"
  },
  {
    "categoria": "Natillas y flan",
    "nombre": "Natilla sabor vainilla alta en proteínas Dia Láctea tarrina 150 g",
    "precio_unitario": "0,99 €",
    "precio_por_unidad": "(6,60 €/kg)",
    "imagen": "https://www.dia.es/product_images/301330/301330_ISO_0_ES.jpg?imwidth=392"
  },
  {
    "categoria": "Natillas y flan",
    "nombre": "Flan de turrón Caprichoso Dia pack 4 x 100 g",
    "precio_unitario": "1,99 €",
    "precio_por_unidad": "(4,98 €/kg)",
    "imagen": "https://www.dia.es/product_images/297704/297704_ISO_0_ES.jpg?imwidth=392"
  },
  {
    "categoria": "Natillas y flan",
    "nombre": "Pudding sabor chocolate rico en proteínas Yopro tarrina 180 g",
    "precio_unitario": "1,79 €",
    "precio_por_unidad": "(9,94 €/kg)",
    "imagen": "https://www.dia.es/product_images/287018/287018_ISO_0_ES.jpg?imwidth=392"
  },
  {
    "categoria": "Natillas y flan",
    "nombre": "Flan de huevo rico en proteí­nas Reina pack 2 x 160 g",
    "precio_unitario": "1,99 €",
    "precio_por_unidad": "(6,22 €/kg)",
    "imagen": "https://www.dia.es/product_images/285682/285682_ISO_0_ES.jpg?imwidth=392"
  },
  {
    "categoria": "Natillas y flan",
    "nombre": "Natillas sabor chocolate rico en proteínas Reina pack 4 x 125 g",
    "precio_unitario": "2,79 €",
    "precio_por_unidad": "(5,58 €/kg)",
    "imagen": "https://www.dia.es/product_images/285680/285680_ISO_0_ES.jpg?imwidth=392"
  },
  {
    "categoria": "Natillas y flan",
    "nombre": "Pudding sabor caramelo rico en proteínas Yopro tarrina 180 g",
    "precio_unitario": "1,79 €",
    "precio_por_unidad": "(9,94 €/kg)",
    "imagen": "https://www.dia.es/product_images/278240/278240_ISO_0_ES.jpg?imwidth=392"
  },
  {
    "categoria": "Natillas y flan",
    "nombre": "Natilla de chocolate alta en proteínas Valio tarrina 180 g",
    "precio_unitario": "1,65 €",
    "precio_por_unidad": "(9,17 €/kg)",
    "imagen": "https://www.dia.es/product_images/263438/263438_ISO_0_ES.jpg?imwidth=392"
  },
  {
    "categoria": "Natillas y flan",
    "nombre": "Natilla con sorpresa de chocolate y vainilla Dairy for fun tarrina 70 g",
    "precio_unitario": "1,09 €",
    "precio_por_unidad": "(15,57 €/kg)",
    "imagen": "https://www.dia.es/product_images/220828/220828_ISO_0_ES.jpg?imwidth=392"
  },
  {
    "categoria": "Gelatinas y otros postres",
    "nombre": "Gelatina de fresa, limón y multifruta Caprichoso Dia pack 6 x 100 g",
    "precio_unitario": "0,99 €",
    "precio_por_unidad": "(1,65 €/kg)",
    "imagen": "https://www.dia.es/product_images/139596/139596_ISO_0_ES.jpg?imwidth=392"
  },
  {
    "categoria": "Gelatinas y otros postres",
    "nombre": "Tiramisú Caprichoso Dia pack 2 x 90 g",
    "precio_unitario": "1,00 €",
    "precio_por_unidad": "(5,56 €/kg)",
    "imagen": "https://www.dia.es/product_images/252354/252354_ISO_0_ES.jpg?imwidth=392"
  },
  {
    "categoria": "Gelatinas y otros postres",
    "nombre": "Gelatina de fresa Caprichoso Dia pack 6 x 100 g",
    "precio_unitario": "0,99 €",
    "precio_por_unidad": "(1,65 €/kg)",
    "imagen": "https://www.dia.es/product_images/108518/108518_ISO_0_ES.jpg?imwidth=392"
  },
  {
    "categoria": "Gelatinas y otros postres",
    "nombre": "Mousse de chocolate con leche Caprichoso Dia pack 4 x 60 g",
    "precio_unitario": "1,05 €",
    "precio_por_unidad": "(4,38 €/kg)",
    "imagen": "https://www.dia.es/product_images/46923/46923_ISO_0_ES.jpg?imwidth=392"
  },
  {
    "categoria": "Gelatinas y otros postres",
    "nombre": "Cheesecake Caprichoso Dia pack 2 x 90 g",
    "precio_unitario": "1,56 €",
    "precio_por_unidad": "(8,67 €/kg)",
    "imagen": "https://www.dia.es/product_images/208224/208224_ISO_0_ES.jpg?imwidth=392"
  },
  {
    "categoria": "Gelatinas y otros postres",
    "nombre": "Tarta de queso Caprichoso Dia tarrina 100 g",
    "precio_unitario": "1,15 €",
    "precio_por_unidad": "(11,50 €/kg)",
    "imagen": "https://www.dia.es/product_images/299853/299853_ISO_0_ES.jpg?imwidth=392"
  },
  {
    "categoria": "Gelatinas y otros postres",
    "nombre": "Carrot cake Caprichoso Dia pack 2 x 90 g",
    "precio_unitario": "1,49 €",
    "precio_por_unidad": "(8,28 €/kg)",
    "imagen": "https://www.dia.es/product_images/298530/298530_ISO_0_ES.jpg?imwidth=392"
  },
  {
    "categoria": "Gelatinas y otros postres",
    "nombre": "Gelatina sabor frutas alto en proteínas Dia Láctea pack 4 x 100 g",
    "precio_unitario": "1,55 €",
    "precio_por_unidad": "(3,88 €/kg)",
    "imagen": "https://www.dia.es/product_images/252356/252356_ISO_0_ES.jpg?imwidth=392"
  },
  {
    "categoria": "Gelatinas y otros postres",
    "nombre": "Gelatina sabor fresa sin azúcar Royal pack 4 x 90 g",
    "precio_unitario": "1,79 €",
    "precio_por_unidad": "(4,97 €/kg)",
    "imagen": "https://www.dia.es/product_images/103680/103680_ISO_0_ES.jpg?imwidth=392"
  },
  {
    "categoria": "Gelatinas y otros postres",
    "nombre": "Gelatina de arándanos Royal pack 4 x 90 g",
    "precio_unitario": "1,79 €",
    "precio_por_unidad": "(4,97 €/kg)",
    "imagen": "https://www.dia.es/product_images/214148/214148_ISO_0_ES.jpg?imwidth=392"
  },
  {
    "categoria": "Gelatinas y otros postres",
    "nombre": "Tocino de cielo Caprichoso Dia pack 2 x 100 g",
    "precio_unitario": "1,49 €",
    "precio_por_unidad": "(7,45 €/kg)",
    "imagen": "https://www.dia.es/product_images/253343/253343_ISO_0_ES.jpg?imwidth=392"
  },
  {
    "categoria": "Gelatinas y otros postres",
    "nombre": "Postre vegetal de avena con albaricoque Vegedia vaso 150 g",
    "precio_unitario": "0,85 €",
    "precio_por_unidad": "(5,67 €/kg)",
    "imagen": "https://www.dia.es/product_images/274986/274986_ISO_0_ES.jpg?imwidth=392"
  },
  {
    "categoria": "Gelatinas y otros postres",
    "nombre": "Postre lácteo serradura Caprichoso Dia pack 2 x 85 g",
    "precio_unitario": "1,49 €",
    "precio_por_unidad": "(8,76 €/kg)",
    "imagen": "https://www.dia.es/product_images/208220/208220_ISO_0_ES.jpg?imwidth=392"
  },
  {
    "categoria": "Gelatinas y otros postres",
    "nombre": "Tarta de queso cremosa Dhul pack 2 x 100 g",
    "precio_unitario": "2,19 €",
    "precio_por_unidad": "(10,95 €/kg)",
    "imagen": "https://www.dia.es/product_images/302132/302132_ISO_0_ES.jpg?imwidth=392"
  },
  {
    "categoria": "Gelatinas y otros postres",
    "nombre": "Postre vegetal de chocolate Vegedia vaso 150 g",
    "precio_unitario": "0,85 €",
    "precio_por_unidad": "(5,67 €/kg)",
    "imagen": "https://www.dia.es/product_images/274987/274987_ISO_0_ES.jpg?imwidth=392"
  },
  {
    "categoria": "Gelatinas y otros postres",
    "nombre": "Postre vegetal de arándano con bebida de coco Vegedia vaso 150 g",
    "precio_unitario": "0,85 €",
    "precio_por_unidad": "(5,67 €/kg)",
    "imagen": "https://www.dia.es/product_images/274984/274984_ISO_0_ES.jpg?imwidth=392"
  },
  {
    "categoria": "Gelatinas y otros postres",
    "nombre": "Postre vegetal de mango y piña con bebida de coco Vegedia vaso 150 g",
    "precio_unitario": "0,85 €",
    "precio_por_unidad": "(5,67 €/kg)",
    "imagen": "https://www.dia.es/product_images/274983/274983_ISO_0_ES.jpg?imwidth=392"
  },
  {
    "categoria": "Gelatinas y otros postres",
    "nombre": "Crema catalana tardicional Pastoret tarrina 150 g",
    "precio_unitario": "1,95 €",
    "precio_por_unidad": "(13,00 €/kg)",
    "imagen": "https://www.dia.es/product_images/301445/301445_ISO_0_ES.jpg?imwidth=392"
  },
  {
    "categoria": "Gelatinas y otros postres",
    "nombre": "Postre vegetal de chocolate con cereza Vegedia vaso 150 g",
    "precio_unitario": "0,85 €",
    "precio_por_unidad": "(5,67 €/kg)",
    "imagen": "https://www.dia.es/product_images/274988/274988_ISO_0_ES.jpg?imwidth=392"
  },
  {
    "categoria": "Gelatinas y otros postres",
    "nombre": "Postre lácteo natural alto en proteína Dia Láctea vaso 300 g",
    "precio_unitario": "1,09 €",
    "precio_por_unidad": "(3,63 €/kg)",
    "imagen": "https://www.dia.es/product_images/292375/292375_ISO_0_ES.jpg?imwidth=392"
  },
  {
    "categoria": "Gelatinas y otros postres",
    "nombre": "Mousse de cacao alta en proteínas Dia Láctea vaso 200 g",
    "precio_unitario": "1,29 €",
    "precio_por_unidad": "(6,45 €/kg)",
    "imagen": "https://www.dia.es/product_images/292374/292374_ISO_0_ES.jpg?imwidth=392"
  },
  {
    "categoria": "Gelatinas y otros postres",
    "nombre": "Mousse de chocolate rico en proteínas Reina pack 2 x 100 g",
    "precio_unitario": "1,95 €",
    "precio_por_unidad": "(9,75 €/kg)",
    "imagen": "https://www.dia.es/product_images/285681/285681_ISO_0_ES.jpg?imwidth=392"
  },
  {
    "categoria": "Gelatinas y otros postres",
    "nombre": "Postre vegetal de avena con fresa Vegedia vaso 150 g",
    "precio_unitario": "0,85 €",
    "precio_por_unidad": "(5,67 €/kg)",
    "imagen": "https://www.dia.es/product_images/274985/274985_ISO_0_ES.jpg?imwidth=392"
  },
  {
    "categoria": "Conservas vegetales",
    "nombre": "Judías verdes cortadas categoría extra Vegecampo de Dia frasco 360 g",
    "precio_unitario": "1,00 €",
    "precio_por_unidad": "(2,78 €/kg)",
    "imagen": "https://www.dia.es/product_images/13049/13049_ISO_0_ES.jpg?imwidth=392"
  },
  {
    "categoria": "Conservas vegetales",
    "nombre": "Maíz dulce Vegecampo de Dia lata 3 x 140 g",
    "precio_unitario": "1,75 €",
    "precio_por_unidad": "(4,17 €/kg)",
    "imagen": "https://www.dia.es/product_images/47592/47592_ISO_0_ES.jpg?imwidth=392"
  },
  {
    "categoria": "Conservas vegetales",
    "nombre": "Pimientos del piquillo en tiras con ajo Vegecampo de Dia frasco 225 g",
    "precio_unitario": "1,10 €",
    "precio_por_unidad": "(4,89 €/kg)",
    "imagen": "https://www.dia.es/product_images/46598/46598_ISO_0_ES.jpg?imwidth=392"
  },
  {
    "categoria": "Conservas vegetales",
    "nombre": "Champiñones laminados Vegecampo de Dia lata 185 g",
    "precio_unitario": "1,00 €",
    "precio_por_unidad": "(5,41 €/kg)",
    "imagen": "https://www.dia.es/product_images/1666/1666_ISO_0_ES.jpg?imwidth=392"
  },
  {
    "categoria": "Conservas vegetales",
    "nombre": "Corazones de alcachofas Vegecampo de Dia frasco 115 g",
    "precio_unitario": "1,75 €",
    "precio_por_unidad": "(15,22 €/kg)",
    "imagen": "https://www.dia.es/product_images/100879/100879_ISO_0_ES.jpg?imwidth=392"
  },
  {
    "categoria": "Conservas vegetales",
    "nombre": "Espárragos blancos cortos y delgados Vegecampo de Dia frasco 110 g",
    "precio_unitario": "1,50 €",
    "precio_por_unidad": "(13,64 €/kg)",
    "imagen": "https://www.dia.es/product_images/245783/245783_ISO_0_ES.jpg?imwidth=392"
  },
  {
    "categoria": "Conservas vegetales",
    "nombre": "Patatas cocidas enteras Vegecampo de Dia frasco 400 g",
    "precio_unitario": "2,05 €",
    "precio_por_unidad": "(5,13 €/kg)",
    "imagen": "https://www.dia.es/product_images/283024/283024_ISO_0_ES.jpg?imwidth=392"
  },
  {
    "categoria": "Conservas vegetales",
    "nombre": "Macedonia de verdura Vegecampo de Dia frasco 325 g",
    "precio_unitario": "0,91 €",
    "precio_por_unidad": "(2,80 €/kg)",
    "imagen": "https://www.dia.es/product_images/17770/17770_ISO_0_ES.jpg?imwidth=392"
  },
  {
    "categoria": "Conservas vegetales",
    "nombre": "Champiñones laminados Vegecampo de Dia lata 2 x 105 g",
    "precio_unitario": "1,69 €",
    "precio_por_unidad": "(8,05 €/kg)",
    "imagen": "https://www.dia.es/product_images/303262/303262_ISO_0_ES.jpg?imwidth=392"
  },
  {
    "categoria": "Conservas vegetales",
    "nombre": "Ensalada china Vegecampo de Dia frasco 180 g",
    "precio_unitario": "1,00 €",
    "precio_por_unidad": "(5,56 €/kg)",
    "imagen": "https://www.dia.es/product_images/53199/53199_ISO_0_ES.jpg?imwidth=392"
  },
  {
    "categoria": "Conservas vegetales",
    "nombre": "Guisantes muy finos Vegecampo de Dia lata 250 g",
    "precio_unitario": "0,90 €",
    "precio_por_unidad": "(3,60 €/kg)",
    "imagen": "https://www.dia.es/product_images/46586/46586_ISO_0_ES.jpg?imwidth=392"
  },
  {
    "categoria": "Conservas vegetales",
    "nombre": "Guisantes medianos Vegecampo de Dia lata 3 x 130 g",
    "precio_unitario": "2,00 €",
    "precio_por_unidad": "(5,13 €/kg)",
    "imagen": "https://www.dia.es/product_images/287789/287789_ISO_0_ES.jpg?imwidth=392"
  },
  {
    "categoria": "Conservas vegetales",
    "nombre": "Espárragos blancos medianos extra Vegecampo de Dia frasco 205 g",
    "precio_unitario": "1,95 €",
    "precio_por_unidad": "(9,51 €/kg)",
    "imagen": "https://www.dia.es/product_images/4118/4118_ISO_0_ES.jpg?imwidth=392"
  },
  {
    "categoria": "Conservas vegetales",
    "nombre": "Pimientos del piquillo enteros al natural Vegecampo de Dia frasco 260 g",
    "precio_unitario": "1,37 €",
    "precio_por_unidad": "(5,27 €/kg)",
    "imagen": "https://www.dia.es/product_images/215665/215665_ISO_0_ES.jpg?imwidth=392"
  },
  {
    "categoria": "Conservas vegetales",
    "nombre": "Remolacha en rodajas Vegecampo de Dia frasco 180 g",
    "precio_unitario": "0,99 €",
    "precio_por_unidad": "(5,50 €/kg)",
    "imagen": "https://www.dia.es/product_images/12577/12577_ISO_0_ES.jpg?imwidth=392"
  },
  {
    "categoria": "Conservas vegetales",
    "nombre": "Zanahoria en tiras Vegecampo de Dia frasco 180 g",
    "precio_unitario": "0,90 €",
    "precio_por_unidad": "(5,00 €/kg)",
    "imagen": "https://www.dia.es/product_images/16543/16543_ISO_0_ES.jpg?imwidth=392"
  },
  {
    "categoria": "Conservas vegetales",
    "nombre": "Judías verdes redondas Vegecampo de Dia frasco 360 g",
    "precio_unitario": "1,25 €",
    "precio_por_unidad": "(3,47 €/kg)",
    "imagen": "https://www.dia.es/product_images/171371/171371_ISO_0_ES.jpg?imwidth=392"
  },
  {
    "categoria": "Conservas vegetales",
    "nombre": "Yemas de espárragos muy gruesos Vegecampo de Dia frasco 110 g",
    "precio_unitario": "1,99 €",
    "precio_por_unidad": "(18,09 €/kg)",
    "imagen": "https://www.dia.es/product_images/135483/135483_ISO_0_ES.jpg?imwidth=392"
  },
  {
    "categoria": "Conservas vegetales",
    "nombre": "Corazones de alcachofa Vegecampo de Dia lata 240 g",
    "precio_unitario": "1,85 €",
    "precio_por_unidad": "(7,71 €/kg)",
    "imagen": "https://www.dia.es/product_images/276527/276527_ISO_0_ES.jpg?imwidth=392"
  },
  {
    "categoria": "Conservas vegetales",
    "nombre": "Acelgas Vegecampo de Dia frasco 425 g",
    "precio_unitario": "1,75 €",
    "precio_por_unidad": "(4,12 €/kg)",
    "imagen": "https://www.dia.es/product_images/57465/57465_ISO_0_ES.jpg?imwidth=392"
  },
  {
    "categoria": "Sopas, caldos y purés deshidratados",
    "nombre": "Puré de patatas Patatas Unidas Dia caja 500 g",
    "precio_unitario": "2,00 €",
    "precio_por_unidad": "(4,00 €/kg)",
    "imagen": "https://www.dia.es/product_images/33365/33365_ISO_0_ES.jpg?imwidth=392"
  },
  {
    "categoria": "Sopas, caldos y purés deshidratados",
    "nombre": "Caldo de pollo Al Punto Dia caja 24 unidades",
    "precio_unitario": "1,30 €",
    "precio_por_unidad": "(0,05 €/ud)",
    "imagen": "https://www.dia.es/product_images/295317/295317_ISO_0_ES.jpg?imwidth=392"
  },
  {
    "categoria": "Sopas, caldos y purés deshidratados",
    "nombre": "Caldo de pescado Al Punto Dia caja 12 unidades",
    "precio_unitario": "0,85 €",
    "precio_por_unidad": "(0,07 €/ud)",
    "imagen": "https://www.dia.es/product_images/295274/295274_ISO_0_ES.jpg?imwidth=392"
  },
  {
    "categoria": "Sopas, caldos y purés deshidratados",
    "nombre": "Sopa de pollo con fideos Gallina Blanca sobre 71 g",
    "precio_unitario": "0,85 €",
    "precio_por_unidad": "(11,97 €/kg)",
    "imagen": "https://www.dia.es/product_images/530/530_ISO_0_ES.jpg?imwidth=392"
  },
  {
    "categoria": "Sopas, caldos y purés deshidratados",
    "nombre": "Sopa maravilla Al Punto Dia sobre 90 g",
    "precio_unitario": "0,65 €",
    "precio_por_unidad": "(7,22 €/kg)",
    "imagen": "https://www.dia.es/product_images/295310/295310_ISO_0_ES.jpg?imwidth=392"
  },
  {
    "categoria": "Sopas, caldos y purés deshidratados",
    "nombre": "Caldo de pescado Knorr caja 12 unidades",
    "precio_unitario": "1,69 €",
    "precio_por_unidad": "(0,14 €/ud)",
    "imagen": "https://www.dia.es/product_images/189857/189857_ISO_0_ES.jpg?imwidth=392"
  },
  {
    "categoria": "Sopas, caldos y purés deshidratados",
    "nombre": "Noodles orientales sabor pollo Al Punto Dia vaso 65 g",
    "precio_unitario": "0,85 €",
    "precio_por_unidad": "(13,08 €/kg)",
    "imagen": "https://www.dia.es/product_images/218533/218533_ISO_0_ES.jpg?imwidth=392"
  },
  {
    "categoria": "Sopas, caldos y purés deshidratados",
    "nombre": "Sopa de pollo con fideos Al Punto Dia sobre 71 g",
    "precio_unitario": "0,44 €",
    "precio_por_unidad": "(6,20 €/kg)",
    "imagen": "https://www.dia.es/product_images/295312/295312_ISO_0_ES.jpg?imwidth=392"
  },
  {
    "categoria": "Sopas, caldos y purés deshidratados",
    "nombre": "Sopa de ternera con estrellitas Gallina Blanca sobre 74 g",
    "precio_unitario": "0,85 €",
    "precio_por_unidad": "(11,49 €/kg)",
    "imagen": "https://www.dia.es/product_images/5297/5297_ISO_0_ES.jpg?imwidth=392"
  },
  {
    "categoria": "Sopas, caldos y purés deshidratados",
    "nombre": "Sopa de cocido con fideos Gallina Blanca sobre 72 g",
    "precio_unitario": "0,85 €",
    "precio_por_unidad": "(11,81 €/kg)",
    "imagen": "https://www.dia.es/product_images/186682/186682_ISO_0_ES.jpg?imwidth=392"
  },
  {
    "categoria": "Sopas, caldos y purés deshidratados",
    "nombre": "Caldo de carne Knorr caja 18 unidades",
    "precio_unitario": "1,86 €",
    "precio_por_unidad": "(0,10 €/ud)",
    "imagen": "https://www.dia.es/product_images/261938/261938_ISO_0_ES.jpg?imwidth=392"
  },
  {
    "categoria": "Sopas, caldos y purés deshidratados",
    "nombre": "Noodles sabor gamba Al Punto Dia sobre 85 g",
    "precio_unitario": "0,99 €",
    "precio_por_unidad": "(11,65 €/kg)",
    "imagen": "https://www.dia.es/product_images/177647/177647_ISO_0_ES.jpg?imwidth=392"
  },
  {
    "categoria": "Sopas, caldos y purés deshidratados",
    "nombre": "Caldo de verduras Al Punto Dia caja 12 unidades",
    "precio_unitario": "0,85 €",
    "precio_por_unidad": "(0,07 €/ud)",
    "imagen": "https://www.dia.es/product_images/295273/295273_ISO_0_ES.jpg?imwidth=392"
  },
  {
    "categoria": "Sopas, caldos y purés deshidratados",
    "nombre": "Pastillas de caldo de pollo Gallina Blanca Avecrem caja 8 unidades",
    "precio_unitario": "1,00 €",
    "precio_por_unidad": "(0,13 €/ud)",
    "imagen": "https://www.dia.es/product_images/501/501_ISO_0_ES.jpg?imwidth=392"
  },
  {
    "categoria": "Sopas, caldos y purés deshidratados",
    "nombre": "Pastillas de caldo de pollo Gallina Blanca Avecrem caja 24 unidades",
    "precio_unitario": "2,95 €",
    "precio_por_unidad": "(0,12 €/ud)",
    "imagen": "https://www.dia.es/product_images/500/500_ISO_0_ES.jpg?imwidth=392"
  },
  {
    "categoria": "Sopas, caldos y purés deshidratados",
    "nombre": "Sopa de pollo con maravilla Gallina Blanca sobre 85 g",
    "precio_unitario": "0,85 €",
    "precio_por_unidad": "(10,00 €/kg)",
    "imagen": "https://www.dia.es/product_images/1767/1767_ISO_0_ES.jpg?imwidth=392"
  },
  {
    "categoria": "Sopas, caldos y purés deshidratados",
    "nombre": "Noodles orientales sabor verduras Al Punto Dia vaso 65 g",
    "precio_unitario": "0,85 €",
    "precio_por_unidad": "(13,08 €/kg)",
    "imagen": "https://www.dia.es/product_images/218534/218534_ISO_0_ES.jpg?imwidth=392"
  },
  {
    "categoria": "Sopas, caldos y purés deshidratados",
    "nombre": "Caldo sabor a carne Al Punto Dia caja 24 unidades",
    "precio_unitario": "1,75 €",
    "precio_por_unidad": "(0,07 €/ud)",
    "imagen": "https://www.dia.es/product_images/295308/295308_ISO_0_ES.jpg?imwidth=392"
  },
  {
    "categoria": "Sopas, caldos y purés deshidratados",
    "nombre": "Puré de patatas Maggi caja 230 g",
    "precio_unitario": "2,39 €",
    "precio_por_unidad": "(10,39 €/kg)",
    "imagen": "https://www.dia.es/product_images/551/551_ISO_0_ES.jpg?imwidth=392"
  },
  {
    "categoria": "Sopas, caldos y purés deshidratados",
    "nombre": "Sopa de ave con fideos Gallina Blanca sobre 76 g",
    "precio_unitario": "0,85 €",
    "precio_por_unidad": "(11,18 €/kg)",
    "imagen": "https://www.dia.es/product_images/525/525_ISO_0_ES.jpg?imwidth=392"
  },
  {
    "categoria": "Cremas y caldos líquidos",
    "nombre": "Caldo de pollo casero Al Punto Dia brik 1 l",
    "precio_unitario": "0,70 €",
    "precio_por_unidad": "(0,70 €/L)",
    "imagen": "https://www.dia.es/product_images/54127/54127_ISO_0_ES.jpg?imwidth=392"
  },
  {
    "categoria": "Cremas y caldos líquidos",
    "nombre": "Crema de calabaza Al Punto Dia brik 500 ml",
    "precio_unitario": "1,00 €",
    "precio_por_unidad": "(2,00 €/L)",
    "imagen": "https://www.dia.es/product_images/27907/27907_ISO_0_ES.jpg?imwidth=392"
  },
  {
    "categoria": "Cremas y caldos líquidos",
    "nombre": "Caldo de cocido Al Punto Dia brik 1 l",
    "precio_unitario": "0,90 €",
    "precio_por_unidad": "(0,90 €/L)",
    "imagen": "https://www.dia.es/product_images/78583/78583_ISO_0_ES.jpg?imwidth=392"
  },
  {
    "categoria": "Cremas y caldos líquidos",
    "nombre": "Crema de verduras Al Punto Dia brik 500 ml",
    "precio_unitario": "1,00 €",
    "precio_por_unidad": "(2,00 €/L)",
    "imagen": "https://www.dia.es/product_images/27906/27906_ISO_0_ES.jpg?imwidth=392"
  },
  {
    "categoria": "Cremas y caldos líquidos",
    "nombre": "Caldo de pollo 100% natural Gallina Blanca brik 2 x 1 l",
    "precio_unitario": "4,19 €",
    "precio_por_unidad": "(2,10 €/L)",
    "imagen": "https://www.dia.es/product_images/159230/159230_ISO_0_ES.jpg?imwidth=392"
  },
  {
    "categoria": "Cremas y caldos líquidos",
    "nombre": "Crema de calabacín con queso Al Punto Dia brik 500 ml",
    "precio_unitario": "1,00 €",
    "precio_por_unidad": "(2,00 €/L)",
    "imagen": "https://www.dia.es/product_images/27874/27874_ISO_0_ES.jpg?imwidth=392"
  },
  {
    "categoria": "Cremas y caldos líquidos",
    "nombre": "Caldo de pescado Al Punto Dia brik 1 l",
    "precio_unitario": "1,00 €",
    "precio_por_unidad": "(1,00 €/L)",
    "imagen": "https://www.dia.es/product_images/27865/27865_ISO_0_ES.jpg?imwidth=392"
  },
  {
    "categoria": "Cremas y caldos líquidos",
    "nombre": "Caldo de verduras Al Punto Dia brik 1 l",
    "precio_unitario": "1,00 €",
    "precio_por_unidad": "(1,00 €/L)",
    "imagen": "https://www.dia.es/product_images/293334/293334_ISO_0_ES.jpg?imwidth=392"
  },
  {
    "categoria": "Cremas y caldos líquidos",
    "nombre": "Caldo para paella Al Punto Dia brik 1 l",
    "precio_unitario": "2,00 €",
    "precio_por_unidad": "(2,00 €/L)",
    "imagen": "https://www.dia.es/product_images/293333/293333_ISO_0_ES.jpg?imwidth=392"
  },
  {
    "categoria": "Cremas y caldos líquidos",
    "nombre": "Caldo de cocido 100% natural Gallina Blanca brik 2 x 1 l",
    "precio_unitario": "4,19 €",
    "precio_por_unidad": "(2,10 €/L)",
    "imagen": "https://www.dia.es/product_images/217167/217167_ISO_0_ES.jpg?imwidth=392"
  },
  {
    "categoria": "Cremas y caldos líquidos",
    "nombre": "Caldo gourmet con pollo de corral y jamón Al Punto Dia brik 1 l",
    "precio_unitario": "1,99 €",
    "precio_por_unidad": "(1,99 €/L)",
    "imagen": "https://www.dia.es/product_images/295268/295268_ISO_0_ES.jpg?imwidth=392"
  },
  {
    "categoria": "Cremas y caldos líquidos",
    "nombre": "Caldo casero de pollo 100% natural Gallina Blanca brik 1 l",
    "precio_unitario": "2,20 €",
    "precio_por_unidad": "(2,20 €/L)",
    "imagen": "https://www.dia.es/product_images/150913/150913_ISO_0_ES.jpg?imwidth=392"
  },
  {
    "categoria": "Cremas y caldos líquidos",
    "nombre": "Fumet de pescado Gallina Blanca brik 1 l",
    "precio_unitario": "3,49 €",
    "precio_por_unidad": "(3,49 €/L)",
    "imagen": "https://www.dia.es/product_images/292052/292052_ISO_0_ES.jpg?imwidth=392"
  },
  {
    "categoria": "Cremas y caldos líquidos",
    "nombre": "Caldo natural de pollo con jamón ibérico Gallo brik 1 l",
    "precio_unitario": "1,99 €",
    "precio_por_unidad": "(1,99 €/L)",
    "imagen": "https://www.dia.es/product_images/290598/290598_ISO_0_ES.jpg?imwidth=392"
  },
  {
    "categoria": "Cremas y caldos líquidos",
    "nombre": "Crema de zanahoria, calabaza y guisantes Knorr brik 500 ml",
    "precio_unitario": "2,39 €",
    "precio_por_unidad": "(4,78 €/L)",
    "imagen": "https://www.dia.es/product_images/261928/261928_ISO_0_ES.jpg?imwidth=392"
  },
  {
    "categoria": "Cremas y caldos líquidos",
    "nombre": "Caldo para paella de marisco Gallina Blanca brik 1 l",
    "precio_unitario": "3,49 €",
    "precio_por_unidad": "(3,49 €/L)",
    "imagen": "https://www.dia.es/product_images/164595/164595_ISO_0_ES.jpg?imwidth=392"
  },
  {
    "categoria": "Cremas y caldos líquidos",
    "nombre": "Crema de calabaza Al Punto Dia botella 490 ml",
    "precio_unitario": "2,59 €",
    "precio_por_unidad": "(5,29 €/L)",
    "imagen": "https://www.dia.es/product_images/295272/295272_ISO_0_ES.jpg?imwidth=392"
  },
  {
    "categoria": "Cremas y caldos líquidos",
    "nombre": "Crema de hongos Al Punto Dia frasco 500 ml",
    "precio_unitario": "2,59 €",
    "precio_por_unidad": "(5,29 €/L)",
    "imagen": "https://www.dia.es/product_images/286075/286075_ISO_0_ES.jpg?imwidth=392"
  },
  {
    "categoria": "Cremas y caldos líquidos",
    "nombre": "Crema de puerros Al Punto Dia frasco 500 ml",
    "precio_unitario": "2,59 €",
    "precio_por_unidad": "(5,29 €/L)",
    "imagen": "https://www.dia.es/product_images/295243/295243_ISO_0_ES.jpg?imwidth=392"
  },
  {
    "categoria": "Cremas y caldos líquidos",
    "nombre": "Caldo natural de pollo Aneto brik 1 l",
    "precio_unitario": "4,29 €",
    "precio_por_unidad": "(4,29 €/L)",
    "imagen": "https://www.dia.es/product_images/42808/42808_ISO_0_ES.jpg?imwidth=392"
  },
  {
    "categoria": "Cremas y caldos líquidos",
    "nombre": "Caldo natural de pollo Aneto brik 500 ml",
    "precio_unitario": "1,50 €",
    "precio_por_unidad": "(3,00 €/L)",
    "imagen": "https://www.dia.es/product_images/304350/304350_ISO_0_ES.jpg?imwidth=392"
  },
  {
    "categoria": "Cremas y caldos líquidos",
    "nombre": "Caldo de marisco Gallo brik 1 l",
    "precio_unitario": "3,49 €",
    "precio_por_unidad": "(3,49 €/L)",
    "imagen": "https://www.dia.es/product_images/304099/304099_ISO_0_ES.jpg?imwidth=392"
  },
  {
    "categoria": "Cremas y caldos líquidos",
    "nombre": "Caldo ramen de pollo Itsu brik 500 ml",
    "precio_unitario": "2,95 €",
    "precio_por_unidad": "(5,90 €/L)",
    "imagen": "https://www.dia.es/product_images/301188/301188_ISO_0_ES.jpg?imwidth=392"
  },
  {
    "categoria": "Cremas y caldos líquidos",
    "nombre": "Caldo gourmet de pollo con jamón Gallina Blanca brik 1 l",
    "precio_unitario": "2,99 €",
    "precio_por_unidad": "(2,99 €/L)",
    "imagen": "https://www.dia.es/product_images/297553/297553_ISO_0_ES.jpg?imwidth=392"
  },
  {
    "categoria": "Cremas y caldos líquidos",
    "nombre": "Caldo casero de pollo y 8 verduras Gallina Blanca brik 1 l",
    "precio_unitario": "2,20 €",
    "precio_por_unidad": "(2,20 €/L)",
    "imagen": "https://www.dia.es/product_images/297551/297551_ISO_0_ES.jpg?imwidth=392"
  },
  {
    "categoria": "Cremas y caldos líquidos",
    "nombre": "Caldo gourmet de pollo Gallina Blanca brik 1 l",
    "precio_unitario": "2,99 €",
    "precio_por_unidad": "(2,99 €/L)",
    "imagen": "https://www.dia.es/product_images/290890/290890_ISO_0_ES.jpg?imwidth=392"
  },
  {
    "categoria": "Cremas y caldos líquidos",
    "nombre": "Caldo natural de verduras Gallo brik 1 l",
    "precio_unitario": "1,99 €",
    "precio_por_unidad": "(1,99 €/L)",
    "imagen": "https://www.dia.es/product_images/290599/290599_ISO_0_ES.jpg?imwidth=392"
  },
  {
    "categoria": "Cremas y caldos líquidos",
    "nombre": "Caldo natural de cocido Gallo brik 1 l",
    "precio_unitario": "1,99 €",
    "precio_por_unidad": "(1,99 €/L)",
    "imagen": "https://www.dia.es/product_images/290597/290597_ISO_0_ES.jpg?imwidth=392"
  },
  {
    "categoria": "Cremas y caldos líquidos",
    "nombre": "Caldo natural de pollo Gallo brik 1 l",
    "precio_unitario": "1,99 €",
    "precio_por_unidad": "(1,99 €/L)",
    "imagen": "https://www.dia.es/product_images/290596/290596_ISO_0_ES.jpg?imwidth=392"
  },
  {
    "categoria": "Cremas y caldos líquidos",
    "nombre": "Crema de verduras Al Punto Dia frasco 500 ml",
    "precio_unitario": "2,59 €",
    "precio_por_unidad": "(5,29 €/L)",
    "imagen": "https://www.dia.es/product_images/286077/286077_ISO_0_ES.jpg?imwidth=392"
  },
  {
    "categoria": "Cremas y caldos líquidos",
    "nombre": "Crema de puerro y patata Knorr sobre 500 ml",
    "precio_unitario": "2,29 €",
    "precio_por_unidad": "(4,58 €/L)",
    "imagen": "https://www.dia.es/product_images/261936/261936_ISO_0_ES.jpg?imwidth=392"
  },
  {
    "categoria": "Cremas y caldos líquidos",
    "nombre": "Crema de verduras de la huerta Knorr sobre 500 ml",
    "precio_unitario": "2,29 €",
    "precio_por_unidad": "(4,58 €/L)",
    "imagen": "https://www.dia.es/product_images/261934/261934_ISO_0_ES.jpg?imwidth=392"
  },
  {
    "categoria": "Cremas y caldos líquidos",
    "nombre": "Crema de verduras mediterráneas Knorr caja 500 ml",
    "precio_unitario": "2,39 €",
    "precio_por_unidad": "(4,78 €/L)",
    "imagen": "https://www.dia.es/product_images/261929/261929_ISO_0_ES.jpg?imwidth=392"
  },
  {
    "categoria": "Cremas y caldos líquidos",
    "nombre": "Caldo casero de puchero Gallina Blanca brik 1 l",
    "precio_unitario": "2,20 €",
    "precio_por_unidad": "(2,20 €/L)",
    "imagen": "https://www.dia.es/product_images/254973/254973_ISO_0_ES.jpg?imwidth=392"
  },
  {
    "categoria": "Cremas y caldos líquidos",
    "nombre": "Crema casera de pollo con verduras Gallina Blanca brik 500 ml",
    "precio_unitario": "1,99 €",
    "precio_por_unidad": "(3,98 €/L)",
    "imagen": "https://www.dia.es/product_images/250990/250990_ISO_0_ES.jpg?imwidth=392"
  },
  {
    "categoria": "Cremas y caldos líquidos",
    "nombre": "Caldo natural de verduras Aneto brik 1 l",
    "precio_unitario": "3,95 €",
    "precio_por_unidad": "(3,95 €/L)",
    "imagen": "https://www.dia.es/product_images/215721/215721_ISO_0_ES.jpg?imwidth=392"
  },
  {
    "categoria": "Cremas y caldos líquidos",
    "nombre": "Caldo casero de verduras Gallina Blanca brik 1 l",
    "precio_unitario": "2,20 €",
    "precio_por_unidad": "(2,20 €/L)",
    "imagen": "https://www.dia.es/product_images/189160/189160_ISO_0_ES.jpg?imwidth=392"
  },
  {
    "categoria": "Cremas y caldos líquidos",
    "nombre": "Caldo gourmet de pescado con bogavante Gallina Blanca pack 2 x 1 l",
    "precio_unitario": "2,99 €",
    "precio_por_unidad": "(1,50 €/L)",
    "imagen": "https://www.dia.es/product_images/180486/180486_ISO_0_ES.jpg?imwidth=392"
  },
  {
    "categoria": "Cremas y caldos líquidos",
    "nombre": "Caldo casero de cocido 100% natural Gallina Blanca brik 1 l",
    "precio_unitario": "2,20 €",
    "precio_por_unidad": "(2,20 €/L)",
    "imagen": "https://www.dia.es/product_images/150917/150917_ISO_0_ES.jpg?imwidth=392"
  },
  {
    "categoria": "Cremas y caldos líquidos",
    "nombre": "Caldo de carne 100% natural Gallina Blanca brik 1 l",
    "precio_unitario": "2,20 €",
    "precio_por_unidad": "(2,20 €/L)",
    "imagen": "https://www.dia.es/product_images/150916/150916_ISO_0_ES.jpg?imwidth=392"
  },
  {
    "categoria": "Cremas y caldos líquidos",
    "nombre": "Caldo de pollo bajo en sal 100% natural Gallina Blanca brik 1 l",
    "precio_unitario": "2,20 €",
    "precio_por_unidad": "(2,20 €/L)",
    "imagen": "https://www.dia.es/product_images/150915/150915_ISO_0_ES.jpg?imwidth=392"
  },
  {
    "categoria": "Cremas y caldos líquidos",
    "nombre": "Caldo de pescado 100% natural Gallina Blanca brik 1 l",
    "precio_unitario": "2,20 €",
    "precio_por_unidad": "(2,20 €/L)",
    "imagen": "https://www.dia.es/product_images/150914/150914_ISO_0_ES.jpg?imwidth=392"
  },
  {
    "categoria": "Aceitunas y encurtidos",
    "nombre": "Aceitunas rellenas de anchoa Vegecampo de Dia lata 150 g",
    "precio_unitario": "1,00 €",
    "precio_por_unidad": "(6,67 €/kg)",
    "imagen": "https://www.dia.es/product_images/302/302_ISO_0_ES.jpg?imwidth=392"
  },
  {
    "categoria": "Aceitunas y encurtidos",
    "nombre": "Pepinillos pequeños Vegecampo de Dia frasco 180 g",
    "precio_unitario": "1,17 €",
    "precio_por_unidad": "(6,50 €/kg)",
    "imagen": "https://www.dia.es/product_images/22472/22472_ISO_0_ES.jpg?imwidth=392"
  },
  {
    "categoria": "Aceitunas y encurtidos",
    "nombre": "Aceitunas negras sin hueso Vegecampo de Dia lata 150 g",
    "precio_unitario": "1,00 €",
    "precio_por_unidad": "(6,67 €/kg)",
    "imagen": "https://www.dia.es/product_images/142058/142058_ISO_0_ES.jpg?imwidth=392"
  },
  {
    "categoria": "Aceitunas y encurtidos",
    "nombre": "Aceitunas rellenas de anchoa Vegecampo de Dia lata 3 x 50 g",
    "precio_unitario": "1,60 €",
    "precio_por_unidad": "(10,67 €/kg)",
    "imagen": "https://www.dia.es/product_images/69057/69057_ISO_0_ES.jpg?imwidth=392"
  },
  {
    "categoria": "Aceitunas y encurtidos",
    "nombre": "Aceitunas verdes sin hueso Vegecampo de Dia frasco 400 g",
    "precio_unitario": "2,60 €",
    "precio_por_unidad": "(6,50 €/kg)",
    "imagen": "https://www.dia.es/product_images/142072/142072_ISO_0_ES.jpg?imwidth=392"
  },
  {
    "categoria": "Aceitunas y encurtidos",
    "nombre": "Pepinillos agridulces Vegecampo de Dia frasco 360 g",
    "precio_unitario": "1,50 €",
    "precio_por_unidad": "(4,17 €/kg)",
    "imagen": "https://www.dia.es/product_images/129845/129845_ISO_0_ES.jpg?imwidth=392"
  },
  {
    "categoria": "Aceitunas y encurtidos",
    "nombre": "Aceitunas chupadedos con hueso Vegecampo de Dia frasco 410 g",
    "precio_unitario": "2,80 €",
    "precio_por_unidad": "(6,83 €/kg)",
    "imagen": "https://www.dia.es/product_images/274032/274032_ISO_0_ES.jpg?imwidth=392"
  },
  {
    "categoria": "Aceitunas y encurtidos",
    "nombre": "Pepinillos sabor anchoa Vegecampo de Dia frasco 180 g",
    "precio_unitario": "1,29 €",
    "precio_por_unidad": "(7,17 €/kg)",
    "imagen": "https://www.dia.es/product_images/172952/172952_ISO_0_ES.jpg?imwidth=392"
  },
  {
    "categoria": "Aceitunas y encurtidos",
    "nombre": "Pepinillos y cebollitas Vegecampo de Dia frasco 380 g",
    "precio_unitario": "1,90 €",
    "precio_por_unidad": "(5,00 €/kg)",
    "imagen": "https://www.dia.es/product_images/142050/142050_ISO_0_ES.jpg?imwidth=392"
  },
  {
    "categoria": "Aceitunas y encurtidos",
    "nombre": "Aceitunas verdes sin hueso Vegecampo de Dia bolsa 3 x 75 g",
    "precio_unitario": "1,65 €",
    "precio_por_unidad": "(7,33 €/kg)",
    "imagen": "https://www.dia.es/product_images/116850/116850_ISO_0_ES.jpg?imwidth=392"
  },
  {
    "categoria": "Aceitunas y encurtidos",
    "nombre": "Altramuces Vegecampo de Dia frasco 265 g",
    "precio_unitario": "1,29 €",
    "precio_por_unidad": "(4,87 €/kg)",
    "imagen": "https://www.dia.es/product_images/292334/292334_ISO_0_ES.jpg?imwidth=392"
  },
  {
    "categoria": "Aceitunas y encurtidos",
    "nombre": "Guindillas en vinagre Vegecampo de Dia frasco 120 g",
    "precio_unitario": "1,39 €",
    "precio_por_unidad": "(11,58 €/kg)",
    "imagen": "https://www.dia.es/product_images/5129/5129_ISO_0_ES.jpg?imwidth=392"
  },
  {
    "categoria": "Aceitunas y encurtidos",
    "nombre": "Banderillas picantes Vegecampo de Dia frasco 140 g",
    "precio_unitario": "1,40 €",
    "precio_por_unidad": "(10,00 €/kg)",
    "imagen": "https://www.dia.es/product_images/142059/142059_ISO_0_ES.jpg?imwidth=392"
  },
  {
    "categoria": "Aceitunas y encurtidos",
    "nombre": "Aceitunas chupadedos verderonas Vegecampo de Dia lata 185 g",
    "precio_unitario": "1,70 €",
    "precio_por_unidad": "(9,19 €/kg)",
    "imagen": "https://www.dia.es/product_images/302190/302190_ISO_0_ES.jpg?imwidth=392"
  },
  {
    "categoria": "Aceitunas y encurtidos",
    "nombre": "Banderillas dulces Vegecampo de Dia frasco 140 g",
    "precio_unitario": "1,40 €",
    "precio_por_unidad": "(10,00 €/kg)",
    "imagen": "https://www.dia.es/product_images/72623/72623_ISO_0_ES.jpg?imwidth=392"
  },
  {
    "categoria": "Aceitunas y encurtidos",
    "nombre": "Aceitunas rellenas de anchoa suave Vegecampo de Dia lata 3 x 50 g",
    "precio_unitario": "1,80 €",
    "precio_por_unidad": "(12,00 €/kg)",
    "imagen": "https://www.dia.es/product_images/273617/273617_ISO_0_ES.jpg?imwidth=392"
  },
  {
    "categoria": "Aceitunas y encurtidos",
    "nombre": "Aceitunas gazpacha Vegecampo de Dia frasco 410 g",
    "precio_unitario": "2,45 €",
    "precio_por_unidad": "(5,98 €/kg)",
    "imagen": "https://www.dia.es/product_images/275224/275224_ISO_0_ES.jpg?imwidth=392"
  },
  {
    "categoria": "Aceitunas y encurtidos",
    "nombre": "Cebollitas en vinagre Vegecampo de Dia frasco 180 g",
    "precio_unitario": "1,52 €",
    "precio_por_unidad": "(8,44 €/kg)",
    "imagen": "https://www.dia.es/product_images/12576/12576_ISO_0_ES.jpg?imwidth=392"
  },
  {
    "categoria": "Aceitunas y encurtidos",
    "nombre": "Aceitunas verdes con hueso Vegecampo de Dia frasco 500 g",
    "precio_unitario": "2,60 €",
    "precio_por_unidad": "(5,20 €/kg)",
    "imagen": "https://www.dia.es/product_images/46239/46239_ISO_0_ES.jpg?imwidth=392"
  },
  {
    "categoria": "Aceitunas y encurtidos",
    "nombre": "Cóctel de encurtidos Vegecampo de Dia frasco 400 g",
    "precio_unitario": "2,60 €",
    "precio_por_unidad": "(6,50 €/kg)",
    "imagen": "https://www.dia.es/product_images/273620/273620_ISO_0_ES.jpg?imwidth=392"
  },
  {
    "categoria": "Aceitunas y encurtidos",
    "nombre": "Aceitunas verdes rellenas de anchoas La española lata 3 x 50 g",
    "precio_unitario": "3,85 €",
    "precio_por_unidad": "(25,67 €/kg)",
    "imagen": "https://www.dia.es/product_images/64784/64784_ISO_0_ES.jpg?imwidth=392"
  },
  {
    "categoria": "Aceitunas y encurtidos",
    "nombre": "Pepinillo sabor anchoa Rioverde frasco 180 g",
    "precio_unitario": "1,69 €",
    "precio_por_unidad": "(9,39 €/kg)",
    "imagen": "https://www.dia.es/product_images/64393/64393_ISO_0_ES.jpg?imwidth=392"
  },
  {
    "categoria": "Aceitunas y encurtidos",
    "nombre": "Picadillo de variantes Vegecampo de Dia frasco 200 g",
    "precio_unitario": "1,29 €",
    "precio_por_unidad": "(6,45 €/kg)",
    "imagen": "https://www.dia.es/product_images/50437/50437_ISO_0_ES.jpg?imwidth=392"
  },
  {
    "categoria": "Aceitunas y encurtidos",
    "nombre": "Aceitunas suaves rellenas de anchoa La española lata 130 g",
    "precio_unitario": "2,35 €",
    "precio_por_unidad": "(18,08 €/kg)",
    "imagen": "https://www.dia.es/product_images/44073/44073_ISO_0_ES.jpg?imwidth=392"
  },
  {
    "categoria": "Aceitunas y encurtidos",
    "nombre": "Pepinillos agridulces Hugo reitzel frasco 360 g",
    "precio_unitario": "2,39 €",
    "precio_por_unidad": "(6,64 €/kg)",
    "imagen": "https://www.dia.es/product_images/303692/303692_ISO_0_ES.jpg?imwidth=392"
  },
  {
    "categoria": "Aceitunas y encurtidos",
    "nombre": "Aceitunas salsaliñadas agridulce Jolca frasco 400 g",
    "precio_unitario": "2,79 €",
    "precio_por_unidad": "(6,98 €/kg)",
    "imagen": "https://www.dia.es/product_images/303680/303680_ISO_0_ES.jpg?imwidth=392"
  },
  {
    "categoria": "Aceitunas y encurtidos",
    "nombre": "Aceitunas salsaliñadas con pesto Jolca frasco 400 g",
    "precio_unitario": "2,79 €",
    "precio_por_unidad": "(6,98 €/kg)",
    "imagen": "https://www.dia.es/product_images/303679/303679_ISO_0_ES.jpg?imwidth=392"
  },
  {
    "categoria": "Aceitunas y encurtidos",
    "nombre": "Cocktail de aceitunas y encurtidos La explanada lata 185 g",
    "precio_unitario": "1,99 €",
    "precio_por_unidad": "(10,76 €/kg)",
    "imagen": "https://www.dia.es/product_images/303484/303484_ISO_0_ES.jpg?imwidth=392"
  },
  {
    "categoria": "Aceitunas y encurtidos",
    "nombre": "Aceitunas manzanilla rellena de anchoa Fragata lata 130 g",
    "precio_unitario": "1,89 €",
    "precio_por_unidad": "(14,54 €/kg)",
    "imagen": "https://www.dia.es/product_images/302295/302295_ISO_0_ES.jpg?imwidth=392"
  },
  {
    "categoria": "Aceitunas y encurtidos",
    "nombre": "Aceitunas rellenas de anchoa grandes Vegecampo de Dia lata 150 g",
    "precio_unitario": "1,55 €",
    "precio_por_unidad": "(10,33 €/kg)",
    "imagen": "https://www.dia.es/product_images/302193/302193_ISO_0_ES.jpg?imwidth=392"
  },
  {
    "categoria": "Aceitunas y encurtidos",
    "nombre": "Aceitunas sin hueso camperas Vegecampo de Dia lata 150 g",
    "precio_unitario": "1,70 €",
    "precio_por_unidad": "(11,33 €/kg)",
    "imagen": "https://www.dia.es/product_images/302192/302192_ISO_0_ES.jpg?imwidth=392"
  },
  {
    "categoria": "Aceitunas y encurtidos",
    "nombre": "Aceitunas con hueso romeras Vegecampo de Dia lata 185 g",
    "precio_unitario": "1,70 €",
    "precio_por_unidad": "(9,19 €/kg)",
    "imagen": "https://www.dia.es/product_images/302189/302189_ISO_0_ES.jpg?imwidth=392"
  },
  {
    "categoria": "Aceitunas y encurtidos",
    "nombre": "Jalapeños en rodajas Vegecampo de Dia frasco 85 g",
    "precio_unitario": "1,65 €",
    "precio_por_unidad": "(19,41 €/kg)",
    "imagen": "https://www.dia.es/product_images/301834/301834_ISO_0_ES.jpg?imwidth=392"
  },
  {
    "categoria": "Aceitunas y encurtidos",
    "nombre": "Pepinillos laminados Vegecampo de Dia frasco 290 g",
    "precio_unitario": "1,90 €",
    "precio_por_unidad": "(6,55 €/kg)",
    "imagen": "https://www.dia.es/product_images/301534/301534_ISO_0_ES.jpg?imwidth=392"
  },
  {
    "categoria": "Aceitunas y encurtidos",
    "nombre": "Aceitunas coloradas Vegecampo de Dia frasco 250 g",
    "precio_unitario": "1,85 €",
    "precio_por_unidad": "(7,40 €/kg)",
    "imagen": "https://www.dia.es/product_images/301050/301050_ISO_0_ES.jpg?imwidth=392"
  },
  {
    "categoria": "Aceitunas y encurtidos",
    "nombre": "Berenjena de Almagro aliñada Calzado frasco 200 g",
    "precio_unitario": "2,49 €",
    "precio_por_unidad": "(12,45 €/kg)",
    "imagen": "https://www.dia.es/product_images/300714/300714_ISO_0_ES.jpg?imwidth=392"
  },
  {
    "categoria": "Aceitunas y encurtidos",
    "nombre": "Corazones de berenjena Antonio frasco 300 g",
    "precio_unitario": "2,95 €",
    "precio_por_unidad": "(9,83 €/kg)",
    "imagen": "https://www.dia.es/product_images/300213/300213_ISO_0_ES.jpg?imwidth=392"
  },
  {
    "categoria": "Aceitunas y encurtidos",
    "nombre": "Piparras Rioverde frasco 120 g",
    "precio_unitario": "2,69 €",
    "precio_por_unidad": "(22,42 €/kg)",
    "imagen": "https://www.dia.es/product_images/298160/298160_ISO_0_ES.jpg?imwidth=392"
  },
  {
    "categoria": "Aceitunas y encurtidos",
    "nombre": "Aceitunas rellenas con pepinillos La sota frasco 180 g",
    "precio_unitario": "2,55 €",
    "precio_por_unidad": "(14,17 €/kg)",
    "imagen": "https://www.dia.es/product_images/297398/297398_ISO_0_ES.jpg?imwidth=392"
  },
  {
    "categoria": "Aceitunas y encurtidos",
    "nombre": "Aceitunas negras sin hueso Serpis lata 130 g",
    "precio_unitario": "1,99 €",
    "precio_por_unidad": "(15,31 €/kg)",
    "imagen": "https://www.dia.es/product_images/294415/294415_ISO_0_ES.jpg?imwidth=392"
  },
  {
    "categoria": "Aceitunas y encurtidos",
    "nombre": "Berenjena de almagro aliñada Antonio lata 350 g",
    "precio_unitario": "2,89 €",
    "precio_por_unidad": "(8,26 €/kg)",
    "imagen": "https://www.dia.es/product_images/294359/294359_ISO_0_ES.jpg?imwidth=392"
  },
  {
    "categoria": "Aceitunas y encurtidos",
    "nombre": "Aceituna manzanilla en rodajas Jolca bolsa 3 x 50 g",
    "precio_unitario": "1,99 €",
    "precio_por_unidad": "(13,27 €/kg)",
    "imagen": "https://www.dia.es/product_images/294213/294213_ISO_0_ES.jpg?imwidth=392"
  },
  {
    "categoria": "Aceitunas y encurtidos",
    "nombre": "Aceitunas aliñadas estilo tradicional Vegecampo de Dia frasco 250 g",
    "precio_unitario": "1,85 €",
    "precio_por_unidad": "(7,40 €/kg)",
    "imagen": "https://www.dia.es/product_images/293847/293847_ISO_0_ES.jpg?imwidth=392"
  },
  {
    "categoria": "Aceitunas y encurtidos",
    "nombre": "Aceituna aliñada receta del cortijo Sarasa lata 185 g",
    "precio_unitario": "1,99 €",
    "precio_por_unidad": "(10,76 €/kg)",
    "imagen": "https://www.dia.es/product_images/289335/289335_ISO_0_ES.jpg?imwidth=392"
  },
  {
    "categoria": "Aceitunas y encurtidos",
    "nombre": "Aceitunas receta andaluza Sarasa tarrina 200 g",
    "precio_unitario": "1,85 €",
    "precio_por_unidad": "(9,25 €/kg)",
    "imagen": "https://www.dia.es/product_images/289233/289233_ISO_0_ES.jpg?imwidth=392"
  },
  {
    "categoria": "Aceitunas y encurtidos",
    "nombre": "Aceitunas negras sin hueso Jolca bolsa 75 g",
    "precio_unitario": "1,09 €",
    "precio_por_unidad": "(14,53 €/kg)",
    "imagen": "https://www.dia.es/product_images/288942/288942_ISO_0_ES.jpg?imwidth=392"
  },
  {
    "categoria": "Aceitunas y encurtidos",
    "nombre": "Aceitunas gordal Vegecampo de Dia frasco 220 g",
    "precio_unitario": "2,45 €",
    "precio_por_unidad": "(12,25 €/kg)",
    "imagen": "https://www.dia.es/product_images/286961/286961_ISO_0_ES.jpg?imwidth=392"
  },
  {
    "categoria": "Aceitunas y encurtidos",
    "nombre": "Aceitunas estilo casero Vegecampo de Dia frasco 410 g",
    "precio_unitario": "2,69 €",
    "precio_por_unidad": "(6,56 €/kg)",
    "imagen": "https://www.dia.es/product_images/274031/274031_ISO_0_ES.jpg?imwidth=392"
  },
  {
    "categoria": "Aceitunas y encurtidos",
    "nombre": "Aceitunas pelotin Vegecampo de Dia frasco 250 g",
    "precio_unitario": "1,50 €",
    "precio_por_unidad": "(6,00 €/kg)",
    "imagen": "https://www.dia.es/product_images/273341/273341_ISO_0_ES.jpg?imwidth=392"
  },
  {
    "categoria": "Aceitunas y encurtidos",
    "nombre": "Aceitunas negras de aragón Vegecampo de Dia frasco 250 g",
    "precio_unitario": "2,59 €",
    "precio_por_unidad": "(10,36 €/kg)",
    "imagen": "https://www.dia.es/product_images/273340/273340_ISO_0_ES.jpg?imwidth=392"
  },
  {
    "categoria": "Aceitunas y encurtidos",
    "nombre": "Aceitunas negras en rodajas Vegecampo de Dia lata 3 x 50 g",
    "precio_unitario": "2,20 €",
    "precio_por_unidad": "(14,67 €/kg)",
    "imagen": "https://www.dia.es/product_images/273338/273338_ISO_0_ES.jpg?imwidth=392"
  },
  {
    "categoria": "Aceitunas y encurtidos",
    "nombre": "Aceitunas gordal aliñada sin hueso Vegecampo de Dia frasco 340 g",
    "precio_unitario": "3,16 €",
    "precio_por_unidad": "(9,29 €/kg)",
    "imagen": "https://www.dia.es/product_images/273336/273336_ISO_0_ES.jpg?imwidth=392"
  },
  {
    "categoria": "Aceitunas y encurtidos",
    "nombre": "Aceitunas rellenas de jalapeño Vegecampo de Dia lata 150 g",
    "precio_unitario": "1,65 €",
    "precio_por_unidad": "(11,00 €/kg)",
    "imagen": "https://www.dia.es/product_images/273335/273335_ISO_0_ES.jpg?imwidth=392"
  },
  {
    "categoria": "Aceitunas y encurtidos",
    "nombre": "Aceitunas rellenas de anchoa suave Vegecampo de Dia lata 150 g",
    "precio_unitario": "1,40 €",
    "precio_por_unidad": "(9,33 €/kg)",
    "imagen": "https://www.dia.es/product_images/273264/273264_ISO_0_ES.jpg?imwidth=392"
  },
  {
    "categoria": "Aceitunas y encurtidos",
    "nombre": "Aceitunas negras con hueso Vegecampo de Dia lata 185 g",
    "precio_unitario": "0,99 €",
    "precio_por_unidad": "(5,35 €/kg)",
    "imagen": "https://www.dia.es/product_images/273263/273263_ISO_0_ES.jpg?imwidth=392"
  },
  {
    "categoria": "Aceitunas y encurtidos",
    "nombre": "Aceitunas rellenas de anchoa Serpis lata 4 x 50 g",
    "precio_unitario": "3,55 €",
    "precio_por_unidad": "(23,67 €/kg)",
    "imagen": "https://www.dia.es/product_images/271797/271797_ISO_0_ES.jpg?imwidth=392"
  },
  {
    "categoria": "Aceitunas y encurtidos",
    "nombre": "Cocktail de encurtidos Rioverde frasco 180 g",
    "precio_unitario": "1,69 €",
    "precio_por_unidad": "(9,39 €/kg)",
    "imagen": "https://www.dia.es/product_images/263134/263134_ISO_0_ES.jpg?imwidth=392"
  },
  {
    "categoria": "Aceitunas y encurtidos",
    "nombre": "Aceitunas partidas aliñadas Jolca lata 185 g",
    "precio_unitario": "1,99 €",
    "precio_por_unidad": "(10,76 €/kg)",
    "imagen": "https://www.dia.es/product_images/250742/250742_ISO_0_ES.jpg?imwidth=392"
  },
  {
    "categoria": "Aceitunas y encurtidos",
    "nombre": "Aceitunas manzanilla sabor anchoa con hueso Jolca lata 185 g",
    "precio_unitario": "2,09 €",
    "precio_por_unidad": "(11,30 €/kg)",
    "imagen": "https://www.dia.es/product_images/24621/24621_ISO_0_ES.jpg?imwidth=392"
  },
  {
    "categoria": "Aceitunas y encurtidos",
    "nombre": "Aceitunas negras sin hueso Serpis lata 85 g",
    "precio_unitario": "1,59 €",
    "precio_por_unidad": "(18,71 €/kg)",
    "imagen": "https://www.dia.es/product_images/229563/229563_ISO_0_ES.jpg?imwidth=392"
  },
  {
    "categoria": "Aceitunas y encurtidos",
    "nombre": "Aceitunas rellenas de pimiento Vegecampo de Dia lata 150 g",
    "precio_unitario": "1,65 €",
    "precio_por_unidad": "(11,00 €/kg)",
    "imagen": "https://www.dia.es/product_images/223839/223839_ISO_0_ES.jpg?imwidth=392"
  },
  {
    "categoria": "Aceitunas y encurtidos",
    "nombre": "Aceitunas verdes sin hueso Jolca bolsa 90 g",
    "precio_unitario": "0,99 €",
    "precio_por_unidad": "(11,00 €/kg)",
    "imagen": "https://www.dia.es/product_images/20663/20663_ISO_0_ES.jpg?imwidth=392"
  },
  {
    "categoria": "Aceitunas y encurtidos",
    "nombre": "Aceitunas verdes con hueso Jolca bolsa 120 g",
    "precio_unitario": "0,99 €",
    "precio_por_unidad": "(8,25 €/kg)",
    "imagen": "https://www.dia.es/product_images/20654/20654_ISO_0_ES.jpg?imwidth=392"
  },
  {
    "categoria": "Aceitunas y encurtidos",
    "nombre": "Alcaparras en vinagre Vegecampo de Dia frasco 80 g",
    "precio_unitario": "1,30 €",
    "precio_por_unidad": "(16,25 €/kg)",
    "imagen": "https://www.dia.es/product_images/172850/172850_ISO_0_ES.jpg?imwidth=392"
  },
  {
    "categoria": "Aceitunas y encurtidos",
    "nombre": "Aceitunas rellenas de anchoa La española lata 150 g",
    "precio_unitario": "2,35 €",
    "precio_por_unidad": "(15,67 €/kg)",
    "imagen": "https://www.dia.es/product_images/155149/155149_ISO_0_ES.jpg?imwidth=392"
  },
  {
    "categoria": "Aceitunas y encurtidos",
    "nombre": "Aceitunas rellenas de anchoa Jolca lata 130 g",
    "precio_unitario": "1,89 €",
    "precio_por_unidad": "(14,54 €/kg)",
    "imagen": "https://www.dia.es/product_images/146920/146920_ISO_0_ES.jpg?imwidth=392"
  },
  {
    "categoria": "Aceitunas y encurtidos",
    "nombre": "Aceitunas rellenas de anchoa suave Jolca lata 130 g",
    "precio_unitario": "1,89 €",
    "precio_por_unidad": "(14,54 €/kg)",
    "imagen": "https://www.dia.es/product_images/138659/138659_ISO_0_ES.jpg?imwidth=392"
  },
  {
    "categoria": "Aceitunas y encurtidos",
    "nombre": "Aceitunas verdes con hueso sabor anchoa Vegecampo de Dia frasco 500 g",
    "precio_unitario": "2,75 €",
    "precio_por_unidad": "(5,50 €/kg)",
    "imagen": "https://www.dia.es/product_images/129165/129165_ISO_0_ES.jpg?imwidth=392"
  },
  {
    "categoria": "Aceitunas y encurtidos",
    "nombre": "Aceitunas rellenas de anchoas Serpis lata 130 g",
    "precio_unitario": "1,99 €",
    "precio_por_unidad": "(15,31 €/kg)",
    "imagen": "https://www.dia.es/product_images/125055/125055_ISO_0_ES.jpg?imwidth=392"
  },
  {
    "categoria": "Frutos secos",
    "nombre": "Cacahuete frito salado Naturmundo de Dia bolsa 250 g",
    "precio_unitario": "1,00 €",
    "precio_por_unidad": "(4,00 €/kg)",
    "imagen": "https://www.dia.es/product_images/23066/23066_ISO_0_ES.jpg?imwidth=392"
  },
  {
    "categoria": "Frutos secos",
    "nombre": "Nueces sin cáscara al natural Naturmundo de Dia bolsa 200 g",
    "precio_unitario": "2,35 €",
    "precio_por_unidad": "(11,75 €/kg)",
    "imagen": "https://www.dia.es/product_images/214775/214775_ISO_0_ES.jpg?imwidth=392"
  },
  {
    "categoria": "Frutos secos",
    "nombre": "Mix de frutos secos clásico Naturmundo de Dia bolsa 200 g",
    "precio_unitario": "2,75 €",
    "precio_por_unidad": "(13,75 €/kg)",
    "imagen": "https://www.dia.es/product_images/119605/119605_ISO_0_ES.jpg?imwidth=392"
  },
  {
    "categoria": "Frutos secos",
    "nombre": "Pistachos tostados con sal Naturmundo de Dia bolsa 250 g",
    "precio_unitario": "3,35 €",
    "precio_por_unidad": "(13,40 €/kg)",
    "imagen": "https://www.dia.es/product_images/271642/271642_ISO_0_ES.jpg?imwidth=392"
  },
  {
    "categoria": "Frutos secos",
    "nombre": "Cacahuetes con cáscara tostados sin sal añadida Naturmundo de Dia bolsa 250 g",
    "precio_unitario": "1,00 €",
    "precio_por_unidad": "(4,00 €/kg)",
    "imagen": "https://www.dia.es/product_images/301667/301667_ISO_0_ES.jpg?imwidth=392"
  },
  {
    "categoria": "Frutos secos",
    "nombre": "Anacardo al natural Naturmundo de Dia bolsa 200 g",
    "precio_unitario": "2,35 €",
    "precio_por_unidad": "(11,75 €/kg)",
    "imagen": "https://www.dia.es/product_images/271641/271641_ISO_0_ES.jpg?imwidth=392"
  },
  {
    "categoria": "Frutos secos",
    "nombre": "Almendras al natural con piel Naturmundo de Dia bolsa 200 g",
    "precio_unitario": "2,09 €",
    "precio_por_unidad": "(10,45 €/kg)",
    "imagen": "https://www.dia.es/product_images/222910/222910_ISO_0_ES.jpg?imwidth=392"
  },
  {
    "categoria": "Frutos secos",
    "nombre": "Anacardos fritos Naturmundo de Dia bolsa 200 g",
    "precio_unitario": "2,40 €",
    "precio_por_unidad": "(12,00 €/kg)",
    "imagen": "https://www.dia.es/product_images/275650/275650_ISO_0_ES.jpg?imwidth=392"
  },
  {
    "categoria": "Frutos secos",
    "nombre": "Almendras fritas saladas Naturmundo de Dia bolsa 200 g",
    "precio_unitario": "2,55 €",
    "precio_por_unidad": "(12,75 €/kg)",
    "imagen": "https://www.dia.es/product_images/220831/220831_ISO_0_ES.jpg?imwidth=392"
  },
  {
    "categoria": "Frutos secos",
    "nombre": "Castañas malla 500 g",
    "precio_unitario": "3,49 €",
    "precio_por_unidad": "(6,98 €/kg)",
    "imagen": "https://www.dia.es/product_images/260924/260924_ISO_0_ES.jpg?imwidth=392"
  },
  {
    "categoria": "Frutos secos",
    "nombre": "Palomitas sabor mantequilla Snack Maniac de Dia caja 270 g",
    "precio_unitario": "1,35 €",
    "precio_por_unidad": "(5,00 €/kg)",
    "imagen": "https://www.dia.es/product_images/129665/129665_ISO_0_ES.jpg?imwidth=392"
  },
  {
    "categoria": "Frutos secos",
    "nombre": "Pistachos tostados sin sal Naturmundo de Dia bolsa 250 g",
    "precio_unitario": "3,35 €",
    "precio_por_unidad": "(13,40 €/kg)",
    "imagen": "https://www.dia.es/product_images/271643/271643_ISO_0_ES.jpg?imwidth=392"
  },
  {
    "categoria": "Frutos secos",
    "nombre": "Cacahuetes fritos con miel Snack Maniac de Dia bolsa 200 g",
    "precio_unitario": "1,65 €",
    "precio_por_unidad": "(8,25 €/kg)",
    "imagen": "https://www.dia.es/product_images/277767/277767_ISO_0_ES.jpg?imwidth=392"
  },
  {
    "categoria": "Frutos secos",
    "nombre": "Mix de frutos secos relax Naturmundo de Dia bolsa 40 g",
    "precio_unitario": "0,85 €",
    "precio_por_unidad": "(21,25 €/kg)",
    "imagen": "https://www.dia.es/product_images/292503/292503_ISO_0_ES.jpg?imwidth=392"
  },
  {
    "categoria": "Frutos secos",
    "nombre": "Frutos secos clasic Snack Maniac de Dia bolsa 250 g",
    "precio_unitario": "1,85 €",
    "precio_por_unidad": "(7,40 €/kg)",
    "imagen": "https://www.dia.es/product_images/285872/285872_ISO_0_ES.jpg?imwidth=392"
  },
  {
    "categoria": "Frutos secos",
    "nombre": "Palomitas al punto de sal microondas Popitas caja 300 g",
    "precio_unitario": "2,39 €",
    "precio_por_unidad": "(7,97 €/kg)",
    "imagen": "https://www.dia.es/product_images/64783/64783_ISO_0_ES.jpg?imwidth=392"
  },
  {
    "categoria": "Frutos secos",
    "nombre": "Cocktail frutos secos Snack Maniac de Dia bolsa 500 g",
    "precio_unitario": "2,67 €",
    "precio_por_unidad": "(5,34 €/kg)",
    "imagen": "https://www.dia.es/product_images/129666/129666_ISO_0_ES.jpg?imwidth=392"
  },
  {
    "categoria": "Frutos secos",
    "nombre": "Mix de frutos secos naturales Naturmundo de Dia bolsa 200 g",
    "precio_unitario": "2,45 €",
    "precio_por_unidad": "(12,25 €/kg)",
    "imagen": "https://www.dia.es/product_images/292500/292500_ISO_0_ES.jpg?imwidth=392"
  },
  {
    "categoria": "Frutos secos",
    "nombre": "Pipas G con sal Grefusa bolsa 165 g",
    "precio_unitario": "1,75 €",
    "precio_por_unidad": "(10,61 €/kg)",
    "imagen": "https://www.dia.es/product_images/99132/99132_ISO_0_ES.jpg?imwidth=392"
  },
  {
    "categoria": "Frutos secos",
    "nombre": "Nuez pelada Borges bolsa 130 g",
    "precio_unitario": "2,90 €",
    "precio_por_unidad": "(22,31 €/kg)",
    "imagen": "https://www.dia.es/product_images/79178/79178_ISO_0_ES.jpg?imwidth=392"
  },
  {
    "categoria": "Frutos secos",
    "nombre": "Pipas G tijuana Grefusa bolsa 165 g",
    "precio_unitario": "1,75 €",
    "precio_por_unidad": "(10,61 €/kg)",
    "imagen": "https://www.dia.es/product_images/63978/63978_ISO_0_ES.jpg?imwidth=392"
  },
  {
    "categoria": "Frutos secos",
    "nombre": "Maíz para palomitas Snack Maniac de Dia bolsa 500 g",
    "precio_unitario": "1,56 €",
    "precio_por_unidad": "(3,12 €/kg)",
    "imagen": "https://www.dia.es/product_images/4670/4670_ISO_0_ES.jpg?imwidth=392"
  },
  {
    "categoria": "Frutos secos",
    "nombre": "Cacahuetazo crunch tijuana Grefusa bolsa 110 g",
    "precio_unitario": "1,75 €",
    "precio_por_unidad": "(15,91 €/kg)",
    "imagen": "https://www.dia.es/product_images/303769/303769_ISO_0_ES.jpg?imwidth=392"
  },
  {
    "categoria": "Frutos secos",
    "nombre": "Almendras garrapiñadas Naturmundo de Dia bolsa 150 g",
    "precio_unitario": "2,29 €",
    "precio_por_unidad": "(15,27 €/kg)",
    "imagen": "https://www.dia.es/product_images/303084/303084_ISO_0_ES.jpg?imwidth=392"
  },
  {
    "categoria": "Frutos secos",
    "nombre": "Maíz garrapiñado Naturmundo de Dia bolsa 125 g",
    "precio_unitario": "1,99 €",
    "precio_por_unidad": "(15,92 €/kg)",
    "imagen": "https://www.dia.es/product_images/303083/303083_ISO_0_ES.jpg?imwidth=392"
  },
  {
    "categoria": "Frutos secos",
    "nombre": "Almendra con chocolate blanco y caramelo Naturmundo de Dia bolsa 150 g",
    "precio_unitario": "2,99 €",
    "precio_por_unidad": "(19,93 €/kg)",
    "imagen": "https://www.dia.es/product_images/303035/303035_ISO_0_ES.jpg?imwidth=392"
  },
  {
    "categoria": "Frutos secos",
    "nombre": "Pipas tostadas Manzanares bolsa 110 g",
    "precio_unitario": "1,15 €",
    "precio_por_unidad": "(10,45 €/kg)",
    "imagen": "https://www.dia.es/product_images/301997/301997_ISO_0_ES.jpg?imwidth=392"
  },
  {
    "categoria": "Frutos secos",
    "nombre": "Cacahuetes con cáscara salados Naturmundo de Dia bolsa 250 g",
    "precio_unitario": "1,25 €",
    "precio_por_unidad": "(5,00 €/kg)",
    "imagen": "https://www.dia.es/product_images/301666/301666_ISO_0_ES.jpg?imwidth=392"
  },
  {
    "categoria": "Frutos secos",
    "nombre": "Cacahuetes tostados sin sal añadida Naturmundo de Dia bolsa 200 g",
    "precio_unitario": "1,15 €",
    "precio_por_unidad": "(5,75 €/kg)",
    "imagen": "https://www.dia.es/product_images/298912/298912_ISO_0_ES.jpg?imwidth=392"
  },
  {
    "categoria": "Frutos secos",
    "nombre": "Pipas tostadas con leña Manzanares bolsa 360 g",
    "precio_unitario": "2,85 €",
    "precio_por_unidad": "(7,92 €/kg)",
    "imagen": "https://www.dia.es/product_images/297836/297836_ISO_0_ES.jpg?imwidth=392"
  },
  {
    "categoria": "Frutos secos",
    "nombre": "Surtido de albaricoque, almendras y pipas Medina bolsa 140 g",
    "precio_unitario": "1,95 €",
    "precio_por_unidad": "(13,93 €/kg)",
    "imagen": "https://www.dia.es/product_images/296485/296485_ISO_0_ES.jpg?imwidth=392"
  },
  {
    "categoria": "Frutos secos",
    "nombre": "Cacahuetes recubiertos de 3 chocolates Naturmundo de Dia bolsa 200 g",
    "precio_unitario": "2,79 €",
    "precio_por_unidad": "(13,95 €/kg)",
    "imagen": "https://www.dia.es/product_images/294942/294942_ISO_0_ES.jpg?imwidth=392"
  },
  {
    "categoria": "Frutos secos",
    "nombre": "Fresas recubiertas con chocolate blanco Naturmundo de Dia bolsa 150 g",
    "precio_unitario": "3,29 €",
    "precio_por_unidad": "(21,93 €/kg)",
    "imagen": "https://www.dia.es/product_images/294940/294940_ISO_0_ES.jpg?imwidth=392"
  },
  {
    "categoria": "Frutos secos",
    "nombre": "Anacardos recubiertos con chocolate con leche Naturmundo de Dia bolsa 150 g",
    "precio_unitario": "2,99 €",
    "precio_por_unidad": "(19,93 €/kg)",
    "imagen": "https://www.dia.es/product_images/294819/294819_ISO_0_ES.jpg?imwidth=392"
  },
  {
    "categoria": "Frutos secos",
    "nombre": "Pistachos recubiertos de chocolate con leche Naturmundo de Dia bolsa 150 g",
    "precio_unitario": "3,45 €",
    "precio_por_unidad": "(23,00 €/kg)",
    "imagen": "https://www.dia.es/product_images/294818/294818_ISO_0_ES.jpg?imwidth=392"
  },
  {
    "categoria": "Frutos secos",
    "nombre": "Arándanos recubiertos de chocolate negro Naturmundo de Dia bolsa 150 g",
    "precio_unitario": "2,99 €",
    "precio_por_unidad": "(19,93 €/kg)",
    "imagen": "https://www.dia.es/product_images/294817/294817_ISO_0_ES.jpg?imwidth=392"
  },
  {
    "categoria": "Frutos secos",
    "nombre": "Pipas supremas Facundo bolsa 120 g",
    "precio_unitario": "2,35 €",
    "precio_por_unidad": "(19,58 €/kg)",
    "imagen": "https://www.dia.es/product_images/293243/293243_ISO_0_ES.jpg?imwidth=392"
  },
  {
    "categoria": "Frutos secos",
    "nombre": "Nueces peladas Gancedo bolsa 400 g",
    "precio_unitario": "3,99 €",
    "precio_por_unidad": "(9,98 €/kg)",
    "imagen": "https://www.dia.es/product_images/293141/293141_ISO_0_ES.jpg?imwidth=392"
  },
  {
    "categoria": "Frutos secos",
    "nombre": "Mix de frutos secos enjoy Naturmundo de Dia bolsa 40 g",
    "precio_unitario": "0,85 €",
    "precio_por_unidad": "(21,25 €/kg)",
    "imagen": "https://www.dia.es/product_images/292505/292505_ISO_0_ES.jpg?imwidth=392"
  },
  {
    "categoria": "Frutos secos",
    "nombre": "Mix de frutos secos harmony Naturmundo de Dia bolsa 40 g",
    "precio_unitario": "0,85 €",
    "precio_por_unidad": "(21,25 €/kg)",
    "imagen": "https://www.dia.es/product_images/292504/292504_ISO_0_ES.jpg?imwidth=392"
  },
  {
    "categoria": "Frutos secos",
    "nombre": "Mix semillas Naturmundo de Dia bolsa 200 g",
    "precio_unitario": "1,42 €",
    "precio_por_unidad": "(7,10 €/kg)",
    "imagen": "https://www.dia.es/product_images/292502/292502_ISO_0_ES.jpg?imwidth=392"
  },
  {
    "categoria": "Frutos secos",
    "nombre": "Mix de frutas deshidratadas Naturmundo de Dia bolsa 200 g",
    "precio_unitario": "1,60 €",
    "precio_por_unidad": "(8,00 €/kg)",
    "imagen": "https://www.dia.es/product_images/292501/292501_ISO_0_ES.jpg?imwidth=392"
  },
  {
    "categoria": "Frutos secos",
    "nombre": "Mix de frutos secos enjoy Naturmundo de Dia bolsa 200 g",
    "precio_unitario": "2,89 €",
    "precio_por_unidad": "(14,45 €/kg)",
    "imagen": "https://www.dia.es/product_images/292499/292499_ISO_0_ES.jpg?imwidth=392"
  },
  {
    "categoria": "Frutos secos",
    "nombre": "Mix de frutos secos harmony Naturmundo de Dia bolsa 200 g",
    "precio_unitario": "2,89 €",
    "precio_por_unidad": "(14,45 €/kg)",
    "imagen": "https://www.dia.es/product_images/292498/292498_ISO_0_ES.jpg?imwidth=392"
  },
  {
    "categoria": "Frutos secos",
    "nombre": "Mix de frutos secos relax Naturmundo de Dia bolsa 200 g",
    "precio_unitario": "2,89 €",
    "precio_por_unidad": "(14,45 €/kg)",
    "imagen": "https://www.dia.es/product_images/292497/292497_ISO_0_ES.jpg?imwidth=392"
  },
  {
    "categoria": "Frutos secos",
    "nombre": "Nuez pecana dia naturmundo Naturmundo de Dia bolsa 150 g",
    "precio_unitario": "2,72 €",
    "precio_por_unidad": "(18,13 €/kg)",
    "imagen": "https://www.dia.es/product_images/290564/290564_ISO_0_ES.jpg?imwidth=392"
  },
  {
    "categoria": "Frutos secos",
    "nombre": "Avellanas al natural Naturmundo de Dia bolsa 150 g",
    "precio_unitario": "2,15 €",
    "precio_por_unidad": "(14,33 €/kg)",
    "imagen": "https://www.dia.es/product_images/290563/290563_ISO_0_ES.jpg?imwidth=392"
  },
  {
    "categoria": "Frutos secos",
    "nombre": "Maíz frito sabor barbacoa Snack Maniac de Dia bolsa 170 g",
    "precio_unitario": "1,00 €",
    "precio_por_unidad": "(5,88 €/kg)",
    "imagen": "https://www.dia.es/product_images/286894/286894_ISO_0_ES.jpg?imwidth=392"
  },
  {
    "categoria": "Frutos secos",
    "nombre": "Pan de higo con almendras Naturmundo de Dia bolsa 200 g",
    "precio_unitario": "2,45 €",
    "precio_por_unidad": "(12,25 €/kg)",
    "imagen": "https://www.dia.es/product_images/286793/286793_ISO_0_ES.jpg?imwidth=392"
  },
  {
    "categoria": "Frutos secos",
    "nombre": "Pan de dátil con nueces Naturmundo de Dia bolsa 200 g",
    "precio_unitario": "2,45 €",
    "precio_por_unidad": "(12,25 €/kg)",
    "imagen": "https://www.dia.es/product_images/286792/286792_ISO_0_ES.jpg?imwidth=392"
  },
  {
    "categoria": "Frutos secos",
    "nombre": "Almendras con chocolate negro Naturmundo de Dia bolsa 150 g",
    "precio_unitario": "2,99 €",
    "precio_por_unidad": "(19,93 €/kg)",
    "imagen": "https://www.dia.es/product_images/286029/286029_ISO_0_ES.jpg?imwidth=392"
  },
  {
    "categoria": "Frutos secos",
    "nombre": "Nuez con chocolate con leche Naturmundo de Dia bolsa 150 g",
    "precio_unitario": "2,99 €",
    "precio_por_unidad": "(19,93 €/kg)",
    "imagen": "https://www.dia.es/product_images/286028/286028_ISO_0_ES.jpg?imwidth=392"
  },
  {
    "categoria": "Frutos secos",
    "nombre": "Frutos secos y pasas Snack Maniac de Dia bolsa 250 g",
    "precio_unitario": "1,65 €",
    "precio_por_unidad": "(6,60 €/kg)",
    "imagen": "https://www.dia.es/product_images/285894/285894_ISO_0_ES.jpg?imwidth=392"
  },
  {
    "categoria": "Frutos secos",
    "nombre": "Frutos secos tex-mex Snack Maniac de Dia bolsa 200 g",
    "precio_unitario": "1,75 €",
    "precio_por_unidad": "(8,75 €/kg)",
    "imagen": "https://www.dia.es/product_images/285873/285873_ISO_0_ES.jpg?imwidth=392"
  },
  {
    "categoria": "Frutos secos",
    "nombre": "Pipas gigantes sin sal Snack Maniac de Dia bolsa 125 g",
    "precio_unitario": "0,94 €",
    "precio_por_unidad": "(7,52 €/kg)",
    "imagen": "https://www.dia.es/product_images/282883/282883_ISO_0_ES.jpg?imwidth=392"
  },
  {
    "categoria": "Frutos secos",
    "nombre": "Maíz frito barbacoa MisterCorn bolsa 160 g",
    "precio_unitario": "1,95 €",
    "precio_por_unidad": "(12,19 €/kg)",
    "imagen": "https://www.dia.es/product_images/279707/279707_ISO_0_ES.jpg?imwidth=392"
  },
  {
    "categoria": "Frutos secos",
    "nombre": "Cócktail frutos de secos mix MisterCorn bolsa 160 g",
    "precio_unitario": "1,95 €",
    "precio_por_unidad": "(12,19 €/kg)",
    "imagen": "https://www.dia.es/product_images/279660/279660_ISO_0_ES.jpg?imwidth=392"
  },
  {
    "categoria": "Frutos secos",
    "nombre": "Almendras tostadas con piel sin sal Naturmundo de Dia bolsa 200 g",
    "precio_unitario": "2,80 €",
    "precio_por_unidad": "(14,00 €/kg)",
    "imagen": "https://www.dia.es/product_images/275588/275588_ISO_0_ES.jpg?imwidth=392"
  },
  {
    "categoria": "Frutos secos",
    "nombre": "Nuez de macadamia tostada con sal Naturmundo de Dia bolsa 100 g",
    "precio_unitario": "2,70 €",
    "precio_por_unidad": "(27,00 €/kg)",
    "imagen": "https://www.dia.es/product_images/275044/275044_ISO_0_ES.jpg?imwidth=392"
  },
  {
    "categoria": "Frutos secos",
    "nombre": "Cocktail con miel y mostaza Frit ravich bolsa 300 g",
    "precio_unitario": "2,95 €",
    "precio_por_unidad": "(9,83 €/kg)",
    "imagen": "https://www.dia.es/product_images/273018/273018_ISO_0_ES.jpg?imwidth=392"
  },
  {
    "categoria": "Frutos secos",
    "nombre": "Pipas Grefusa Piponazo bolsa 195 g",
    "precio_unitario": "2,65 €",
    "precio_por_unidad": "(13,59 €/kg)",
    "imagen": "https://www.dia.es/product_images/273015/273015_ISO_0_ES.jpg?imwidth=392"
  },
  {
    "categoria": "Frutos secos",
    "nombre": "Pipas peladas Naturmundo de Dia bolsa 200 g",
    "precio_unitario": "1,10 €",
    "precio_por_unidad": "(5,50 €/kg)",
    "imagen": "https://www.dia.es/product_images/271639/271639_ISO_0_ES.jpg?imwidth=392"
  },
  {
    "categoria": "Frutos secos",
    "nombre": "Nueces con cáscara al natural Naturmundo de Dia bolsa 500 g",
    "precio_unitario": "2,97 €",
    "precio_por_unidad": "(5,94 €/kg)",
    "imagen": "https://www.dia.es/product_images/271614/271614_ISO_0_ES.jpg?imwidth=392"
  },
  {
    "categoria": "Frutos secos",
    "nombre": "Pipas Grefusa Piponazo bolsa 119 g",
    "precio_unitario": "1,85 €",
    "precio_por_unidad": "(15,55 €/kg)",
    "imagen": "https://www.dia.es/product_images/267268/267268_ISO_0_ES.jpg?imwidth=392"
  },
  {
    "categoria": "Frutos secos",
    "nombre": "Almendras fritas saladas Borges bolsa 160 g",
    "precio_unitario": "2,95 €",
    "precio_por_unidad": "(18,44 €/kg)",
    "imagen": "https://www.dia.es/product_images/262526/262526_ISO_0_ES.jpg?imwidth=392"
  },
  {
    "categoria": "Frutos secos",
    "nombre": "Almendras al natural sin piel Naturmundo de Dia bolsa 125 g",
    "precio_unitario": "2,03 €",
    "precio_por_unidad": "(16,24 €/kg)",
    "imagen": "https://www.dia.es/product_images/253837/253837_ISO_0_ES.jpg?imwidth=392"
  },
  {
    "categoria": "Frutos secos",
    "nombre": "Cocktail picante Frit ravich bolsa 300 g",
    "precio_unitario": "2,95 €",
    "precio_por_unidad": "(9,83 €/kg)",
    "imagen": "https://www.dia.es/product_images/221429/221429_ISO_0_ES.jpg?imwidth=392"
  },
  {
    "categoria": "Frutos secos",
    "nombre": "Almendras con piel tostadas Naturmundo de Dia bolsa 200 g",
    "precio_unitario": "2,80 €",
    "precio_por_unidad": "(14,00 €/kg)",
    "imagen": "https://www.dia.es/product_images/220830/220830_ISO_0_ES.jpg?imwidth=392"
  },
  {
    "categoria": "Frutos secos",
    "nombre": "Pipas gigantes con sal Snack Maniac de Dia bolsa 200 g",
    "precio_unitario": "1,20 €",
    "precio_por_unidad": "(6,00 €/kg)",
    "imagen": "https://www.dia.es/product_images/162083/162083_ISO_0_ES.jpg?imwidth=392"
  },
  {
    "categoria": "Frutos secos",
    "nombre": "Mix frutos secos Frit ravich bolsa 300 g",
    "precio_unitario": "2,95 €",
    "precio_por_unidad": "(9,83 €/kg)",
    "imagen": "https://www.dia.es/product_images/148426/148426_ISO_0_ES.jpg?imwidth=392"
  },
  {
    "categoria": "Frutos secos",
    "nombre": "Piñones al natural Naturmundo de Dia bolsa 70 g",
    "precio_unitario": "2,95 €",
    "precio_por_unidad": "(42,14 €/kg)",
    "imagen": "https://www.dia.es/product_images/144801/144801_ISO_0_ES.jpg?imwidth=392"
  },
  {
    "categoria": "Frutos secos",
    "nombre": "Pipas gigantes aguasal Snack Maniac de Dia bolsa 200 g",
    "precio_unitario": "1,20 €",
    "precio_por_unidad": "(6,00 €/kg)",
    "imagen": "https://www.dia.es/product_images/143041/143041_ISO_0_ES.jpg?imwidth=392"
  },
  {
    "categoria": "Frutos secos",
    "nombre": "Avellanas tostadas Naturmundo de Dia bolsa 200 g",
    "precio_unitario": "3,00 €",
    "precio_por_unidad": "(15,00 €/kg)",
    "imagen": "https://www.dia.es/product_images/125616/125616_ISO_0_ES.jpg?imwidth=392"
  },
  {
    "categoria": "Patatas fritas y aperitivos",
    "nombre": "Patatas fritas gourmet extra crujientes Snack Maniac de Dia bolsa 150 g",
    "precio_unitario": "1,35 €",
    "precio_por_unidad": "(9,00 €/kg)",
    "imagen": "https://www.dia.es/product_images/294394/294394_ISO_0_ES.jpg?imwidth=392"
  },
  {
    "categoria": "Patatas fritas y aperitivos",
    "nombre": "Tiras de maíz Snack Maniac de Dia bolsa 150 g",
    "precio_unitario": "0,59 €",
    "precio_por_unidad": "(3,93 €/kg)",
    "imagen": "https://www.dia.es/product_images/1530/1530_ISO_0_ES.jpg?imwidth=392"
  },
  {
    "categoria": "Patatas fritas y aperitivos",
    "nombre": "Nachos sabor a queso Snack Maniac de Dia bolsa 150 g",
    "precio_unitario": "0,95 €",
    "precio_por_unidad": "(6,33 €/kg)",
    "imagen": "https://www.dia.es/product_images/28828/28828_ISO_0_ES.jpg?imwidth=392"
  },
  {
    "categoria": "Patatas fritas y aperitivos",
    "nombre": "Patatas fritas onduladas sabor jamón Snack Maniac de Dia bolsa 170 g",
    "precio_unitario": "1,36 €",
    "precio_por_unidad": "(8,00 €/kg)",
    "imagen": "https://www.dia.es/product_images/106431/106431_ISO_0_ES.jpg?imwidth=392"
  },
  {
    "categoria": "Patatas fritas y aperitivos",
    "nombre": "Patatas fritas lisas al punto de sal Snack Maniac de Dia bolsa 200 g",
    "precio_unitario": "1,29 €",
    "precio_por_unidad": "(6,45 €/kg)",
    "imagen": "https://www.dia.es/product_images/33412/33412_ISO_0_ES.jpg?imwidth=392"
  },
  {
    "categoria": "Patatas fritas y aperitivos",
    "nombre": "Snack hot goal Adri Contreras Snack Maniac de Dia bolsa 150 g",
    "precio_unitario": "1,50 €",
    "precio_por_unidad": "(10,00 €/kg)",
    "imagen": "https://www.dia.es/product_images/297220/297220_ISO_0_ES.jpg?imwidth=392"
  },
  {
    "categoria": "Patatas fritas y aperitivos",
    "nombre": "Aperitivo de maíz horneado sabor a queso Cheetos bolsa 130 g",
    "precio_unitario": "1,89 €",
    "precio_por_unidad": "(14,54 €/kg)",
    "imagen": "https://www.dia.es/product_images/56174/56174_ISO_0_ES.jpg?imwidth=392"
  },
  {
    "categoria": "Patatas fritas y aperitivos",
    "nombre": "Patatas artesanas a la sartén Snack Maniac de Dia bolsa 2 x 150 g",
    "precio_unitario": "1,80 €",
    "precio_por_unidad": "(6,00 €/kg)",
    "imagen": "https://www.dia.es/product_images/277827/277827_ISO_0_ES.jpg?imwidth=392"
  },
  {
    "categoria": "Patatas fritas y aperitivos",
    "nombre": "Patatas fritas Santa Ana bolsa 150 g",
    "precio_unitario": "1,64 €",
    "precio_por_unidad": "(10,93 €/kg)",
    "imagen": "https://www.dia.es/product_images/56879/56879_ISO_0_ES.jpg?imwidth=392"
  },
  {
    "categoria": "Patatas fritas y aperitivos",
    "nombre": "Patatas fritas campesinas Snack Maniac de Dia bolsa 170 g",
    "precio_unitario": "1,36 €",
    "precio_por_unidad": "(8,00 €/kg)",
    "imagen": "https://www.dia.es/product_images/106430/106430_ISO_0_ES.jpg?imwidth=392"
  },
  {
    "categoria": "Patatas fritas y aperitivos",
    "nombre": "Aperitivo de maíz con sabor a mantequilla Jumpers bolsa 100 g",
    "precio_unitario": "1,30 €",
    "precio_por_unidad": "(13,00 €/kg)",
    "imagen": "https://www.dia.es/product_images/189130/189130_ISO_0_ES.jpg?imwidth=392"
  },
  {
    "categoria": "Patatas fritas y aperitivos",
    "nombre": "Conos de maíz sabor queso y bacon Snack Maniac de Dia bolsa 100 g",
    "precio_unitario": "0,75 €",
    "precio_por_unidad": "(7,50 €/kg)",
    "imagen": "https://www.dia.es/product_images/16073/16073_ISO_0_ES.jpg?imwidth=392"
  },
  {
    "categoria": "Patatas fritas y aperitivos",
    "nombre": "Patatas fritas onduladas sabor jamón y queso Ruffles bolsa 150 g",
    "precio_unitario": "1,99 €",
    "precio_por_unidad": "(13,27 €/kg)",
    "imagen": "https://www.dia.es/product_images/50463/50463_ISO_0_ES.jpg?imwidth=392"
  },
  {
    "categoria": "Patatas fritas y aperitivos",
    "nombre": "Ganchitos sabor queso Snack Maniac de Dia bolsa 80 g",
    "precio_unitario": "0,70 €",
    "precio_por_unidad": "(8,75 €/kg)",
    "imagen": "https://www.dia.es/product_images/296683/296683_ISO_0_ES.jpg?imwidth=392"
  },
  {
    "categoria": "Patatas fritas y aperitivos",
    "nombre": "Nachos naturales Snack Maniac de Dia bolsa 150 g",
    "precio_unitario": "0,90 €",
    "precio_por_unidad": "(6,00 €/kg)",
    "imagen": "https://www.dia.es/product_images/277828/277828_ISO_0_ES.jpg?imwidth=392"
  },
  {
    "categoria": "Patatas fritas y aperitivos",
    "nombre": "Conos de maíz sabor a queso y bacon Lay's 3D's bolsa 100 g",
    "precio_unitario": "1,99 €",
    "precio_por_unidad": "(19,90 €/kg)",
    "imagen": "https://www.dia.es/product_images/247144/247144_ISO_0_ES.jpg?imwidth=392"
  },
  {
    "categoria": "Patatas fritas y aperitivos",
    "nombre": "Patatas fritas onduladas Snack Maniac de Dia bolsa 180 g",
    "precio_unitario": "1,19 €",
    "precio_por_unidad": "(6,61 €/kg)",
    "imagen": "https://www.dia.es/product_images/122725/122725_ISO_0_ES.jpg?imwidth=392"
  },
  {
    "categoria": "Patatas fritas y aperitivos",
    "nombre": "Patatas light Snack Maniac de Dia bolsa 150 g",
    "precio_unitario": "1,30 €",
    "precio_por_unidad": "(8,67 €/kg)",
    "imagen": "https://www.dia.es/product_images/277832/277832_ISO_0_ES.jpg?imwidth=392"
  },
  {
    "categoria": "Patatas fritas y aperitivos",
    "nombre": "Aperitivo horneado con sabor a queso y ketchup Cheetos bolsa 96 g",
    "precio_unitario": "1,99 €",
    "precio_por_unidad": "(20,73 €/kg)",
    "imagen": "https://www.dia.es/product_images/101148/101148_ISO_0_ES.jpg?imwidth=392"
  },
  {
    "categoria": "Patatas fritas y aperitivos",
    "nombre": "Cóctel de aperitivos Snack Maniac de Dia bolsa 200 g",
    "precio_unitario": "1,55 €",
    "precio_por_unidad": "(7,75 €/kg)",
    "imagen": "https://www.dia.es/product_images/41000/41000_ISO_0_ES.jpg?imwidth=392"
  },
  {
    "categoria": "Patatas fritas y aperitivos",
    "nombre": "Patatas fritas gourmet Lay's bolsa 170 g",
    "precio_unitario": "2,79 €",
    "precio_por_unidad": "(16,41 €/kg)",
    "imagen": "https://www.dia.es/product_images/84892/84892_ISO_0_ES.jpg?imwidth=392"
  },
  {
    "categoria": "Patatas fritas y aperitivos",
    "nombre": "Aperitivos de maíz dianitos Dia bolsa 80 g",
    "precio_unitario": "0,70 €",
    "precio_por_unidad": "(8,75 €/kg)",
    "imagen": "https://www.dia.es/product_images/83684/83684_ISO_0_ES.jpg?imwidth=392"
  },
  {
    "categoria": "Patatas fritas y aperitivos",
    "nombre": "Aperitivo de maíz horneado Cheetos bolsa 96 g",
    "precio_unitario": "1,99 €",
    "precio_por_unidad": "(20,73 €/kg)",
    "imagen": "https://www.dia.es/product_images/40279/40279_ISO_0_ES.jpg?imwidth=392"
  },
  {
    "categoria": "Patatas fritas y aperitivos",
    "nombre": "Patatas fritas Santa Ana bolsa 270 g",
    "precio_unitario": "3,19 €",
    "precio_por_unidad": "(11,81 €/kg)",
    "imagen": "https://www.dia.es/product_images/3165/3165_ISO_0_ES.jpg?imwidth=392"
  },
  {
    "categoria": "Patatas fritas y aperitivos",
    "nombre": "Palomitas sabor mantequilla Sonic Snack Maniac de Dia bolsa 80 g",
    "precio_unitario": "0,79 €",
    "precio_por_unidad": "(9,88 €/kg)",
    "imagen": "https://www.dia.es/product_images/304716/304716_ISO_0_ES.jpg?imwidth=392"
  },
  {
    "categoria": "Patatas fritas y aperitivos",
    "nombre": "Cóctel de aperitivos Sonic Snack Maniac de Dia bolsa 200 g",
    "precio_unitario": "1,55 €",
    "precio_por_unidad": "(7,75 €/kg)",
    "imagen": "https://www.dia.es/product_images/304715/304715_ISO_0_ES.jpg?imwidth=392"
  },
  {
    "categoria": "Patatas fritas y aperitivos",
    "nombre": "Patatas fritas a la sartén sabor queso curado y trufa Snack Maniac de Dia bolsa 130 g",
    "precio_unitario": "1,59 €",
    "precio_por_unidad": "(12,23 €/kg)",
    "imagen": "https://www.dia.es/product_images/303695/303695_ISO_0_ES.jpg?imwidth=392"
  },
  {
    "categoria": "Patatas fritas y aperitivos",
    "nombre": "Patatas fritas a la sartén sabor salmón y crema Snack Maniac de Dia bolsa 130 g",
    "precio_unitario": "1,59 €",
    "precio_por_unidad": "(12,23 €/kg)",
    "imagen": "https://www.dia.es/product_images/303694/303694_ISO_0_ES.jpg?imwidth=392"
  },
  {
    "categoria": "Patatas fritas y aperitivos",
    "nombre": "Patatas fritas a la sartén sabor verduras braseadas Snack Maniac de Dia bolsa 130 g",
    "precio_unitario": "1,59 €",
    "precio_por_unidad": "(12,23 €/kg)",
    "imagen": "https://www.dia.es/product_images/303693/303693_ISO_0_ES.jpg?imwidth=392"
  },
  {
    "categoria": "Patatas fritas y aperitivos",
    "nombre": "Nachos sabor a queso tex-mex Snack Maniac de Dia bolsa 50 g",
    "precio_unitario": "0,49 €",
    "precio_por_unidad": "(9,80 €/kg)",
    "imagen": "https://www.dia.es/product_images/303259/303259_ISO_0_ES.jpg?imwidth=392"
  },
  {
    "categoria": "Patatas fritas y aperitivos",
    "nombre": "Patatas fritas gourmet extra crujientes Snack Maniac de Dia bolsa 40 g",
    "precio_unitario": "0,49 €",
    "precio_por_unidad": "(12,25 €/kg)",
    "imagen": "https://www.dia.es/product_images/303258/303258_ISO_0_ES.jpg?imwidth=392"
  },
  {
    "categoria": "Patatas fritas y aperitivos",
    "nombre": "Colmillos sabor sweet chilli Snack Maniac de Dia bolsa 75 g",
    "precio_unitario": "0,97 €",
    "precio_por_unidad": "(12,90 €/kg)",
    "imagen": "https://www.dia.es/product_images/303186/303186_ISO_0_ES.jpg?imwidth=392"
  },
  {
    "categoria": "Patatas fritas y aperitivos",
    "nombre": "Patatas fritas sabor mantequilla Jumpers bolsa 110 g",
    "precio_unitario": "1,30 €",
    "precio_por_unidad": "(11,82 €/kg)",
    "imagen": "https://www.dia.es/product_images/303154/303154_ISO_0_ES.jpg?imwidth=392"
  },
  {
    "categoria": "Patatas fritas y aperitivos",
    "nombre": "Aperitivo de maíz flamin hot Cheetos bolsa 80 g",
    "precio_unitario": "1,30 €",
    "precio_por_unidad": "(16,25 €/kg)",
    "imagen": "https://www.dia.es/product_images/301591/301591_ISO_0_ES.jpg?imwidth=392"
  },
  {
    "categoria": "Patatas fritas y aperitivos",
    "nombre": "Patatas fritas onduladas flamin hot Ruffles bolsa 75 g",
    "precio_unitario": "1,30 €",
    "precio_por_unidad": "(17,33 €/kg)",
    "imagen": "https://www.dia.es/product_images/301590/301590_ISO_0_ES.jpg?imwidth=392"
  },
  {
    "categoria": "Patatas fritas y aperitivos",
    "nombre": "Nachos flamin hot Doritos bolsa 75 g",
    "precio_unitario": "1,30 €",
    "precio_por_unidad": "(17,33 €/kg)",
    "imagen": "https://www.dia.es/product_images/301589/301589_ISO_0_ES.jpg?imwidth=392"
  },
  {
    "categoria": "Patatas fritas y aperitivos",
    "nombre": "Naturchips con tomate, queso y orégano Snatt's bolsa 65 g",
    "precio_unitario": "1,49 €",
    "precio_por_unidad": "(2,29 €/100 GR.)",
    "imagen": "https://www.dia.es/product_images/301078/301078_ISO_0_ES.jpg?imwidth=392"
  },
  {
    "categoria": "Patatas fritas y aperitivos",
    "nombre": "Patatas fritas sin sal Pafritas bolsa 140 g",
    "precio_unitario": "1,85 €",
    "precio_por_unidad": "(13,21 €/kg)",
    "imagen": "https://www.dia.es/product_images/297679/297679_ISO_0_ES.jpg?imwidth=392"
  },
  {
    "categoria": "Patatas fritas y aperitivos",
    "nombre": "Patatas fritas picantes Pringles bote 70 g",
    "precio_unitario": "1,40 €",
    "precio_por_unidad": "(20,00 €/kg)",
    "imagen": "https://www.dia.es/product_images/297028/297028_ISO_0_ES.jpg?imwidth=392"
  },
  {
    "categoria": "Patatas fritas y aperitivos",
    "nombre": "Patatas fritas barbacoa Pringles bote 70 g",
    "precio_unitario": "1,40 €",
    "precio_por_unidad": "(20,00 €/kg)",
    "imagen": "https://www.dia.es/product_images/295527/295527_ISO_0_ES.jpg?imwidth=392"
  },
  {
    "categoria": "Patatas fritas y aperitivos",
    "nombre": "Patatas sabor queso curado Snack Maniac de Dia bolsa 150 g",
    "precio_unitario": "1,45 €",
    "precio_por_unidad": "(9,67 €/kg)",
    "imagen": "https://www.dia.es/product_images/295115/295115_ISO_0_ES.jpg?imwidth=392"
  },
  {
    "categoria": "Patatas fritas y aperitivos",
    "nombre": "Patatas fritas a la sartén sabor caramelo y sal Snack Maniac de Dia bolsa 130 g",
    "precio_unitario": "1,59 €",
    "precio_por_unidad": "(12,23 €/kg)",
    "imagen": "https://www.dia.es/product_images/294774/294774_ISO_0_ES.jpg?imwidth=392"
  },
  {
    "categoria": "Patatas fritas y aperitivos",
    "nombre": "Patatas fritas cheesy cheese Pringles bote 165 g",
    "precio_unitario": "2,55 €",
    "precio_por_unidad": "(15,45 €/kg)",
    "imagen": "https://www.dia.es/product_images/292633/292633_ISO_0_ES.jpg?imwidth=392"
  },
  {
    "categoria": "Patatas fritas y aperitivos",
    "nombre": "Palomitas de colores Frit ravich bolsa 130 g",
    "precio_unitario": "1,55 €",
    "precio_por_unidad": "(11,92 €/kg)",
    "imagen": "https://www.dia.es/product_images/289794/289794_ISO_0_ES.jpg?imwidth=392"
  },
  {
    "categoria": "Patatas fritas y aperitivos",
    "nombre": "Patatas fritas a la sartén sabor jamón ibérico Snack Maniac de Dia bolsa 130 g",
    "precio_unitario": "1,59 €",
    "precio_por_unidad": "(12,23 €/kg)",
    "imagen": "https://www.dia.es/product_images/286996/286996_ISO_0_ES.jpg?imwidth=392"
  },
  {
    "categoria": "Patatas fritas y aperitivos",
    "nombre": "Cocktail de snacks Jumpers bolsa 100 g",
    "precio_unitario": "1,30 €",
    "precio_por_unidad": "(13,00 €/kg)",
    "imagen": "https://www.dia.es/product_images/283646/283646_ISO_0_ES.jpg?imwidth=392"
  },
  {
    "categoria": "Patatas fritas y aperitivos",
    "nombre": "Patatas fritas picantes Pringles bote 165 g",
    "precio_unitario": "2,55 €",
    "precio_por_unidad": "(15,45 €/kg)",
    "imagen": "https://www.dia.es/product_images/278477/278477_ISO_0_ES.jpg?imwidth=392"
  },
  {
    "categoria": "Patatas fritas y aperitivos",
    "nombre": "Patatas fritas a la sartén Sabores de la Esteban bolsa 130 g",
    "precio_unitario": "1,65 €",
    "precio_por_unidad": "(12,69 €/kg)",
    "imagen": "https://www.dia.es/product_images/278475/278475_ISO_0_ES.jpg?imwidth=392"
  },
  {
    "categoria": "Patatas fritas y aperitivos",
    "nombre": "Torreznos Snack Maniac de Dia bolsa 100 g",
    "precio_unitario": "1,35 €",
    "precio_por_unidad": "(13,50 €/kg)",
    "imagen": "https://www.dia.es/product_images/277835/277835_ISO_0_ES.jpg?imwidth=392"
  },
  {
    "categoria": "Patatas fritas y aperitivos",
    "nombre": "Cortezas de cerdo Snack Maniac de Dia bolsa 75 g",
    "precio_unitario": "1,00 €",
    "precio_por_unidad": "(13,33 €/kg)",
    "imagen": "https://www.dia.es/product_images/277834/277834_ISO_0_ES.jpg?imwidth=392"
  },
  {
    "categoria": "Patatas fritas y aperitivos",
    "nombre": "Patatas paja Snack Maniac de Dia bolsa 200 g",
    "precio_unitario": "1,50 €",
    "precio_por_unidad": "(7,50 €/kg)",
    "imagen": "https://www.dia.es/product_images/277831/277831_ISO_0_ES.jpg?imwidth=392"
  },
  {
    "categoria": "Patatas fritas y aperitivos",
    "nombre": "Palomitas de maíz con sal Snack Maniac de Dia bolsa 80 g",
    "precio_unitario": "1,10 €",
    "precio_por_unidad": "(13,75 €/kg)",
    "imagen": "https://www.dia.es/product_images/277830/277830_ISO_0_ES.jpg?imwidth=392"
  },
  {
    "categoria": "Patatas fritas y aperitivos",
    "nombre": "Patatas fritas a la vinagreta Snack Maniac de Dia bolsa 130 g",
    "precio_unitario": "1,45 €",
    "precio_por_unidad": "(11,15 €/kg)",
    "imagen": "https://www.dia.es/product_images/277826/277826_ISO_0_ES.jpg?imwidth=392"
  },
  {
    "categoria": "Patatas fritas y aperitivos",
    "nombre": "Patatas fritas sabor trufa Snack Maniac de Dia bolsa 130 g",
    "precio_unitario": "1,59 €",
    "precio_por_unidad": "(12,23 €/kg)",
    "imagen": "https://www.dia.es/product_images/274029/274029_ISO_0_ES.jpg?imwidth=392"
  },
  {
    "categoria": "Patatas fritas y aperitivos",
    "nombre": "Aperitivo frito con sabor a jamón Papadelta Grefusa bolsa 73 g",
    "precio_unitario": "1,65 €",
    "precio_por_unidad": "(22,60 €/kg)",
    "imagen": "https://www.dia.es/product_images/272910/272910_ISO_0_ES.jpg?imwidth=392"
  },
  {
    "categoria": "Patatas fritas y aperitivos",
    "nombre": "Aperitivo frito con sabor a barbacoa Gublins Grefusa bolsa 135 g",
    "precio_unitario": "1,65 €",
    "precio_por_unidad": "(12,22 €/kg)",
    "imagen": "https://www.dia.es/product_images/271831/271831_ISO_0_ES.jpg?imwidth=392"
  },
  {
    "categoria": "Patatas fritas y aperitivos",
    "nombre": "Aspitos Aspil bolsa 6 x 6 g",
    "precio_unitario": "1,30 €",
    "precio_por_unidad": "(36,11 €/kg)",
    "imagen": "https://www.dia.es/product_images/271649/271649_ISO_0_ES.jpg?imwidth=392"
  },
  {
    "categoria": "Patatas fritas y aperitivos",
    "nombre": "Patatas fritas pizza Pringles bote 165 g",
    "precio_unitario": "2,55 €",
    "precio_por_unidad": "(15,45 €/kg)",
    "imagen": "https://www.dia.es/product_images/267595/267595_ISO_0_ES.jpg?imwidth=392"
  },
  {
    "categoria": "Patatas fritas y aperitivos",
    "nombre": "Patatas fritas paprika Pringles bote 70 g",
    "precio_unitario": "1,40 €",
    "precio_por_unidad": "(20,00 €/kg)",
    "imagen": "https://www.dia.es/product_images/250242/250242_ISO_0_ES.jpg?imwidth=392"
  },
  {
    "categoria": "Patatas fritas y aperitivos",
    "nombre": "Patatas fritas crema y cebolla Pringles bote 70 g",
    "precio_unitario": "1,40 €",
    "precio_por_unidad": "(20,00 €/kg)",
    "imagen": "https://www.dia.es/product_images/250241/250241_ISO_0_ES.jpg?imwidth=392"
  },
  {
    "categoria": "Patatas fritas y aperitivos",
    "nombre": "Patatas fritas original Pringles bote 70 g",
    "precio_unitario": "1,40 €",
    "precio_por_unidad": "(20,00 €/kg)",
    "imagen": "https://www.dia.es/product_images/250240/250240_ISO_0_ES.jpg?imwidth=392"
  },
  {
    "categoria": "Patatas fritas y aperitivos",
    "nombre": "Aperitivo de maíz sabor queso volcano Takis bolsa 140 g",
    "precio_unitario": "2,39 €",
    "precio_por_unidad": "(17,07 €/kg)",
    "imagen": "https://www.dia.es/product_images/243086/243086_ISO_0_ES.jpg?imwidth=392"
  },
  {
    "categoria": "Patatas fritas y aperitivos",
    "nombre": "Aperitivo de maíz sabor lima picante fuego Takis bolsa 140 g",
    "precio_unitario": "2,39 €",
    "precio_por_unidad": "(17,07 €/kg)",
    "imagen": "https://www.dia.es/product_images/243085/243085_ISO_0_ES.jpg?imwidth=392"
  },
  {
    "categoria": "Patatas fritas y aperitivos",
    "nombre": "Aperitivo de maíz frito Dippas Doritos bolsa 150 g",
    "precio_unitario": "1,99 €",
    "precio_por_unidad": "(13,27 €/kg)",
    "imagen": "https://www.dia.es/product_images/238443/238443_ISO_0_ES.jpg?imwidth=392"
  },
  {
    "categoria": "Patatas fritas y aperitivos",
    "nombre": "Aperitivo frito con sabor a queso Cheetos bolsa 25 g",
    "precio_unitario": "0,50 €",
    "precio_por_unidad": "(20,00 €/kg)",
    "imagen": "https://www.dia.es/product_images/224959/224959_ISO_0_ES.jpg?imwidth=392"
  },
  {
    "categoria": "Patatas fritas y aperitivos",
    "nombre": "Patatas fritas sour cream & onion Snack Maniac de Dia 170 g",
    "precio_unitario": "1,85 €",
    "precio_por_unidad": "(10,88 €/kg)",
    "imagen": "https://www.dia.es/product_images/222858/222858_ISO_0_ES.jpg?imwidth=392"
  },
  {
    "categoria": "Patatas fritas y aperitivos",
    "nombre": "Torrezno frito sabor jamón ibérico Tendilla bote 125 g",
    "precio_unitario": "2,45 €",
    "precio_por_unidad": "(19,60 €/kg)",
    "imagen": "https://www.dia.es/product_images/218490/218490_ISO_0_ES.jpg?imwidth=392"
  },
  {
    "categoria": "Patatas fritas y aperitivos",
    "nombre": "Aperitivo de maíz frito con sabor a barbacoa Doritos bolsa 40 g",
    "precio_unitario": "0,50 €",
    "precio_por_unidad": "(1,25 €/100 GR.)",
    "imagen": "https://www.dia.es/product_images/212249/212249_ISO_0_ES.jpg?imwidth=392"
  },
  {
    "categoria": "Patatas fritas y aperitivos",
    "nombre": "Surtido de snacks Picoteo Tosfrit bolsa 90 g",
    "precio_unitario": "0,95 €",
    "precio_por_unidad": "(10,56 €/kg)",
    "imagen": "https://www.dia.es/product_images/209565/209565_ISO_0_ES.jpg?imwidth=392"
  },
  {
    "categoria": "Patatas fritas y aperitivos",
    "nombre": "Conchitas con sabor a ketchup Jumpers bolsa 95 g",
    "precio_unitario": "1,30 €",
    "precio_por_unidad": "(13,68 €/kg)",
    "imagen": "https://www.dia.es/product_images/189142/189142_ISO_0_ES.jpg?imwidth=392"
  },
  {
    "categoria": "Patatas fritas y aperitivos",
    "nombre": "Nachos sabor a queso Doritos bolsa 260 g",
    "precio_unitario": "3,49 €",
    "precio_por_unidad": "(13,42 €/kg)",
    "imagen": "https://www.dia.es/product_images/188945/188945_ISO_0_ES.jpg?imwidth=392"
  },
  {
    "categoria": "Patatas fritas y aperitivos",
    "nombre": "Patatas fritas onduladas sabor a jamón Ruffles bolsa 275 g",
    "precio_unitario": "3,39 €",
    "precio_por_unidad": "(12,33 €/kg)",
    "imagen": "https://www.dia.es/product_images/184167/184167_ISO_0_ES.jpg?imwidth=392"
  },
  {
    "categoria": "Patatas fritas y aperitivos",
    "nombre": "Patatas fritas original Pringles bote 165 g",
    "precio_unitario": "2,55 €",
    "precio_por_unidad": "(15,45 €/kg)",
    "imagen": "https://www.dia.es/product_images/18357/18357_ISO_0_ES.jpg?imwidth=392"
  },
  {
    "categoria": "Patatas fritas y aperitivos",
    "nombre": "Patatas fritas sabor crema y cebolla Pringles bote 165 g",
    "precio_unitario": "2,55 €",
    "precio_por_unidad": "(15,45 €/kg)",
    "imagen": "https://www.dia.es/product_images/18356/18356_ISO_0_ES.jpg?imwidth=392"
  },
  {
    "categoria": "Patatas fritas y aperitivos",
    "nombre": "Patatas fritas sabor campesina Lay's bolsa 250 g",
    "precio_unitario": "3,09 €",
    "precio_por_unidad": "(12,36 €/kg)",
    "imagen": "https://www.dia.es/product_images/183387/183387_ISO_0_ES.jpg?imwidth=392"
  },
  {
    "categoria": "Patatas fritas y aperitivos",
    "nombre": "Rizos Cheetos bolsa 100 g",
    "precio_unitario": "1,75 €",
    "precio_por_unidad": "(17,50 €/kg)",
    "imagen": "https://www.dia.es/product_images/17313/17313_ISO_0_ES.jpg?imwidth=392"
  },
  {
    "categoria": "Patatas fritas y aperitivos",
    "nombre": "Patatas fritas sabor campesina Lay's bolsa 150 g",
    "precio_unitario": "1,99 €",
    "precio_por_unidad": "(13,27 €/kg)",
    "imagen": "https://www.dia.es/product_images/17312/17312_ISO_0_ES.jpg?imwidth=392"
  },
  {
    "categoria": "Patatas fritas y aperitivos",
    "nombre": "Patatas fritas sabor vinagreta Lay's bolsa 150 g",
    "precio_unitario": "1,99 €",
    "precio_por_unidad": "(13,27 €/kg)",
    "imagen": "https://www.dia.es/product_images/17311/17311_ISO_0_ES.jpg?imwidth=392"
  },
  {
    "categoria": "Patatas fritas y aperitivos",
    "nombre": "Palitos de patata Snack Maniac de Dia bolsa 100 g",
    "precio_unitario": "1,07 €",
    "precio_por_unidad": "(10,70 €/kg)",
    "imagen": "https://www.dia.es/product_images/16750/16750_ISO_0_ES.jpg?imwidth=392"
  },
  {
    "categoria": "Patatas fritas y aperitivos",
    "nombre": "Cortezas de trigo Snack Maniac de Dia bolsa 80 g",
    "precio_unitario": "0,85 €",
    "precio_por_unidad": "(10,63 €/kg)",
    "imagen": "https://www.dia.es/product_images/16630/16630_ISO_0_ES.jpg?imwidth=392"
  },
  {
    "categoria": "Patatas fritas y aperitivos",
    "nombre": "Patatas fritas sabor jamón Pringles bote 165 g",
    "precio_unitario": "2,55 €",
    "precio_por_unidad": "(15,45 €/kg)",
    "imagen": "https://www.dia.es/product_images/166224/166224_ISO_0_ES.jpg?imwidth=392"
  },
  {
    "categoria": "Patatas fritas y aperitivos",
    "nombre": "Aros de maíz frito Tosfrit bolsa 120 g",
    "precio_unitario": "1,05 €",
    "precio_por_unidad": "(8,75 €/kg)",
    "imagen": "https://www.dia.es/product_images/16228/16228_ISO_0_ES.jpg?imwidth=392"
  },
  {
    "categoria": "Patatas fritas y aperitivos",
    "nombre": "Aperitivo de maíz horneado Cheetos bolsa 30 g",
    "precio_unitario": "0,50 €",
    "precio_por_unidad": "(1,67 €/100 GR.)",
    "imagen": "https://www.dia.es/product_images/150876/150876_ISO_0_ES.jpg?imwidth=392"
  },
  {
    "categoria": "Patatas fritas y aperitivos",
    "nombre": "Nachos sabor picante Doritos bolsa 140 g",
    "precio_unitario": "1,99 €",
    "precio_por_unidad": "(14,21 €/kg)",
    "imagen": "https://www.dia.es/product_images/142233/142233_ISO_0_ES.jpg?imwidth=392"
  },
  {
    "categoria": "Patatas fritas y aperitivos",
    "nombre": "Patatas fritas al punto de sal Lay's bolsa 265 g",
    "precio_unitario": "2,99 €",
    "precio_por_unidad": "(11,28 €/kg)",
    "imagen": "https://www.dia.es/product_images/141538/141538_ISO_0_ES.jpg?imwidth=392"
  },
  {
    "categoria": "Patatas fritas y aperitivos",
    "nombre": "Pelotazos Cheetos bolsa 39 g",
    "precio_unitario": "0,50 €",
    "precio_por_unidad": "(12,82 €/kg)",
    "imagen": "https://www.dia.es/product_images/141495/141495_ISO_0_ES.jpg?imwidth=392"
  },
  {
    "categoria": "Patatas fritas y aperitivos",
    "nombre": "Aperitivo frito sabor barbacoa Fritos bolsa 54 g",
    "precio_unitario": "0,65 €",
    "precio_por_unidad": "(12,04 €/kg)",
    "imagen": "https://www.dia.es/product_images/141494/141494_ISO_0_ES.jpg?imwidth=392"
  },
  {
    "categoria": "Patatas fritas y aperitivos",
    "nombre": "Nachos sabor a queso Doritos bolsa 40 g",
    "precio_unitario": "0,75 €",
    "precio_por_unidad": "(18,75 €/kg)",
    "imagen": "https://www.dia.es/product_images/141493/141493_ISO_0_ES.jpg?imwidth=392"
  },
  {
    "categoria": "Patatas fritas y aperitivos",
    "nombre": "Conos de maíz con sabor a queso y bacon Lay's 3D's bolsa 33 g",
    "precio_unitario": "0,65 €",
    "precio_por_unidad": "(19,70 €/kg)",
    "imagen": "https://www.dia.es/product_images/141492/141492_ISO_0_ES.jpg?imwidth=392"
  },
  {
    "categoria": "Patatas fritas y aperitivos",
    "nombre": "Torreznos naturales Tendilla bote 140 g",
    "precio_unitario": "2,69 €",
    "precio_por_unidad": "(19,21 €/kg)",
    "imagen": "https://www.dia.es/product_images/141016/141016_ISO_0_ES.jpg?imwidth=392"
  },
  {
    "categoria": "Patatas fritas y aperitivos",
    "nombre": "Patatas fritas paprika Pringles bote 165 g",
    "precio_unitario": "2,55 €",
    "precio_por_unidad": "(15,45 €/kg)",
    "imagen": "https://www.dia.es/product_images/131253/131253_ISO_0_ES.jpg?imwidth=392"
  },
  {
    "categoria": "Patatas fritas y aperitivos",
    "nombre": "Apetinas sabor ketchup Tosfrit bolsa 90 g",
    "precio_unitario": "1,25 €",
    "precio_por_unidad": "(13,89 €/kg)",
    "imagen": "https://www.dia.es/product_images/120825/120825_ISO_0_ES.jpg?imwidth=392"
  },
  {
    "categoria": "Patatas fritas y aperitivos",
    "nombre": "Patatas fritas al punto de sal Lay's bolsa 160 g",
    "precio_unitario": "1,99 €",
    "precio_por_unidad": "(12,44 €/kg)",
    "imagen": "https://www.dia.es/product_images/11641/11641_ISO_0_ES.jpg?imwidth=392"
  },
  {
    "categoria": "Patatas fritas y aperitivos",
    "nombre": "Cortezas de trigo sabor a carne Lay's Bocabits bolsa 84 g",
    "precio_unitario": "1,99 €",
    "precio_por_unidad": "(23,69 €/kg)",
    "imagen": "https://www.dia.es/product_images/11622/11622_ISO_0_ES.jpg?imwidth=392"
  },
  {
    "categoria": "Patatas fritas y aperitivos",
    "nombre": "Aperitivo frito sabor barbacoa Fritos bolsa 146 g",
    "precio_unitario": "1,99 €",
    "precio_por_unidad": "(13,63 €/kg)",
    "imagen": "https://www.dia.es/product_images/11620/11620_ISO_0_ES.jpg?imwidth=392"
  },
  {
    "categoria": "Patatas fritas y aperitivos",
    "nombre": "Aperitivo frito con sabor a queso Cheetos bolsa 75 g",
    "precio_unitario": "1,85 €",
    "precio_por_unidad": "(24,67 €/kg)",
    "imagen": "https://www.dia.es/product_images/11614/11614_ISO_0_ES.jpg?imwidth=392"
  },
  {
    "categoria": "Patatas fritas y aperitivos",
    "nombre": "Patatas fritas onduladas Ruffles bolsa 160 g",
    "precio_unitario": "1,99 €",
    "precio_por_unidad": "(12,44 €/kg)",
    "imagen": "https://www.dia.es/product_images/11613/11613_ISO_0_ES.jpg?imwidth=392"
  },
  {
    "categoria": "Patatas fritas y aperitivos",
    "nombre": "Patatas fritas onduladas sabor a jamón Ruffles bolsa 150 g",
    "precio_unitario": "1,99 €",
    "precio_por_unidad": "(13,27 €/kg)",
    "imagen": "https://www.dia.es/product_images/11612/11612_ISO_0_ES.jpg?imwidth=392"
  },
  {
    "categoria": "Patatas fritas y aperitivos",
    "nombre": "Nachos sabor a queso Doritos bolsa 140 g",
    "precio_unitario": "1,99 €",
    "precio_por_unidad": "(14,21 €/kg)",
    "imagen": "https://www.dia.es/product_images/11610/11610_ISO_0_ES.jpg?imwidth=392"
  },
  {
    "categoria": "Patatas fritas y aperitivos",
    "nombre": "Nachips Old El Paso bolsa 200 g",
    "precio_unitario": "2,75 €",
    "precio_por_unidad": "(13,75 €/kg)",
    "imagen": "https://www.dia.es/product_images/111394/111394_ISO_0_ES.jpg?imwidth=392"
  },
  {
    "categoria": "Patatas fritas y aperitivos",
    "nombre": "Patatas fritas al horno Lay's bolsa 150 g",
    "precio_unitario": "2,49 €",
    "precio_por_unidad": "(16,60 €/kg)",
    "imagen": "https://www.dia.es/product_images/105535/105535_ISO_0_ES.jpg?imwidth=392"
  },
  {
    "categoria": "Pizzas",
    "nombre": "Pizza jamón y queso Al Punto Dia bandeja 400 g",
    "precio_unitario": "2,41 €",
    "precio_por_unidad": "(6,03 €/kg)",
    "imagen": "https://www.dia.es/product_images/30479/30479_ISO_0_ES.jpg?imwidth=392"
  },
  {
    "categoria": "Pizzas",
    "nombre": "Pizza barbacoa Al Punto Dia bandeja 425 g",
    "precio_unitario": "2,59 €",
    "precio_por_unidad": "(6,09 €/kg)",
    "imagen": "https://www.dia.es/product_images/263619/263619_ISO_0_ES.jpg?imwidth=392"
  },
  {
    "categoria": "Pizzas",
    "nombre": "Pizza 4 quesos Al Punto Dia bandeja 390 g",
    "precio_unitario": "2,69 €",
    "precio_por_unidad": "(6,90 €/kg)",
    "imagen": "https://www.dia.es/product_images/56444/56444_ISO_0_ES.jpg?imwidth=392"
  },
  {
    "categoria": "Pizzas",
    "nombre": "Pizza carbonara Al Punto Dia bandeja 400 g",
    "precio_unitario": "2,69 €",
    "precio_por_unidad": "(6,73 €/kg)",
    "imagen": "https://www.dia.es/product_images/119533/119533_ISO_0_ES.jpg?imwidth=392"
  },
  {
    "categoria": "Pizzas",
    "nombre": "Pizza atún y bacon Al Punto Dia bandeja 400 g",
    "precio_unitario": "2,69 €",
    "precio_por_unidad": "(6,73 €/kg)",
    "imagen": "https://www.dia.es/product_images/30480/30480_ISO_0_ES.jpg?imwidth=392"
  },
  {
    "categoria": "Pizzas",
    "nombre": "Pizza jamón y queso Casa Tarradellas bandeja 2 x 225 g",
    "precio_unitario": "3,19 €",
    "precio_por_unidad": "(7,09 €/kg)",
    "imagen": "https://www.dia.es/product_images/44925/44925_ISO_0_ES.jpg?imwidth=392"
  },
  {
    "categoria": "Pizzas",
    "nombre": "Pizza smoky grilled pork Al Punto Dia bandeja 480 g",
    "precio_unitario": "2,99 €",
    "precio_por_unidad": "(6,23 €/kg)",
    "imagen": "https://www.dia.es/product_images/298845/298845_ISO_0_ES.jpg?imwidth=392"
  },
  {
    "categoria": "Pizzas",
    "nombre": "Pizza pollo Al Punto Dia bandeja 400 g",
    "precio_unitario": "2,69 €",
    "precio_por_unidad": "(6,73 €/kg)",
    "imagen": "https://www.dia.es/product_images/168839/168839_ISO_0_ES.jpg?imwidth=392"
  },
  {
    "categoria": "Pizzas",
    "nombre": "Pizza serrana Al Punto Dia bandeja 390 g",
    "precio_unitario": "2,69 €",
    "precio_por_unidad": "(6,90 €/kg)",
    "imagen": "https://www.dia.es/product_images/226508/226508_ISO_0_ES.jpg?imwidth=392"
  },
  {
    "categoria": "Pizzas",
    "nombre": "Pizza 4 quesos Casa Tarradellas bandeja 390 g",
    "precio_unitario": "3,19 €",
    "precio_por_unidad": "(8,18 €/kg)",
    "imagen": "https://www.dia.es/product_images/39962/39962_ISO_0_ES.jpg?imwidth=392"
  },
  {
    "categoria": "Pizzas",
    "nombre": "Pizza jamón y queso Casa Tarradellas bandeja 405 g",
    "precio_unitario": "3,19 €",
    "precio_por_unidad": "(7,88 €/kg)",
    "imagen": "https://www.dia.es/product_images/24712/24712_ISO_0_ES.jpg?imwidth=392"
  },
  {
    "categoria": "Pizzas",
    "nombre": "Pizza chicken cream cheese Al Punto Dia bandeja 460 g",
    "precio_unitario": "2,99 €",
    "precio_por_unidad": "(6,50 €/kg)",
    "imagen": "https://www.dia.es/product_images/298846/298846_ISO_0_ES.jpg?imwidth=392"
  },
  {
    "categoria": "Pizzas",
    "nombre": "Pizza carbonara Casa Tarradellas bandeja 400 g",
    "precio_unitario": "3,19 €",
    "precio_por_unidad": "(7,98 €/kg)",
    "imagen": "https://www.dia.es/product_images/56021/56021_ISO_0_ES.jpg?imwidth=392"
  },
  {
    "categoria": "Pizzas",
    "nombre": "Pizza atún y bacon Casa Tarradellas bandeja 405 g",
    "precio_unitario": "3,19 €",
    "precio_por_unidad": "(7,88 €/kg)",
    "imagen": "https://www.dia.es/product_images/18126/18126_ISO_0_ES.jpg?imwidth=392"
  },
  {
    "categoria": "Pizzas",
    "nombre": "Pizza pollo Casa Tarradellas bandeja 410 g",
    "precio_unitario": "3,19 €",
    "precio_por_unidad": "(7,78 €/kg)",
    "imagen": "https://www.dia.es/product_images/135422/135422_ISO_0_ES.jpg?imwidth=392"
  },
  {
    "categoria": "Pizzas",
    "nombre": "Pizza jamón serrano Casa Tarradellas bandeja 390 g",
    "precio_unitario": "3,19 €",
    "precio_por_unidad": "(8,18 €/kg)",
    "imagen": "https://www.dia.es/product_images/28077/28077_ISO_0_ES.jpg?imwidth=392"
  },
  {
    "categoria": "Precocinados envasados",
    "nombre": "Fabada asturiana Al Punto Dia lata 435 g",
    "precio_unitario": "1,00 €",
    "precio_por_unidad": "(2,30 €/kg)",
    "imagen": "https://www.dia.es/product_images/47840/47840_ISO_0_ES.jpg?imwidth=392"
  },
  {
    "categoria": "Precocinados envasados",
    "nombre": "Lentejas con chorizo Al Punto Dia lata 415 g",
    "precio_unitario": "1,00 €",
    "precio_por_unidad": "(2,41 €/kg)",
    "imagen": "https://www.dia.es/product_images/27933/27933_ISO_0_ES.jpg?imwidth=392"
  },
  {
    "categoria": "Precocinados envasados",
    "nombre": "Tiras de pollo braseado Nuestra Alacena de Dia bandeja 2 x 65 g",
    "precio_unitario": "1,95 €",
    "precio_por_unidad": "(15,00 €/kg)",
    "imagen": "https://www.dia.es/product_images/302213/302213_ISO_0_ES.jpg?imwidth=392"
  },
  {
    "categoria": "Precocinados envasados",
    "nombre": "Hummus clásico Al Punto Dia tarrina 220 g",
    "precio_unitario": "1,00 €",
    "precio_por_unidad": "(4,55 €/kg)",
    "imagen": "https://www.dia.es/product_images/278849/278849_ISO_0_ES.jpg?imwidth=392"
  },
  {
    "categoria": "Precocinados envasados",
    "nombre": "Albóndigas Al Punto Dia lata 415 g",
    "precio_unitario": "1,68 €",
    "precio_por_unidad": "(4,05 €/kg)",
    "imagen": "https://www.dia.es/product_images/6630/6630_ISO_0_ES.jpg?imwidth=392"
  },
  {
    "categoria": "Precocinados envasados",
    "nombre": "Flautas de pollo y 2 quesos Al Punto Dia bandeja 275 g",
    "precio_unitario": "1,95 €",
    "precio_por_unidad": "(7,09 €/kg)",
    "imagen": "https://www.dia.es/product_images/296199/296199_ISO_0_ES.jpg?imwidth=392"
  },
  {
    "categoria": "Precocinados envasados",
    "nombre": "Flautas de carne y salsa barbacoa con bacon Al Punto Dia bandeja 275 g",
    "precio_unitario": "1,95 €",
    "precio_por_unidad": "(7,09 €/kg)",
    "imagen": "https://www.dia.es/product_images/296201/296201_ISO_0_ES.jpg?imwidth=392"
  },
  {
    "categoria": "Precocinados envasados",
    "nombre": "Volantinas con queso Al Punto Dia sobre 145 g",
    "precio_unitario": "1,00 €",
    "precio_por_unidad": "(6,90 €/kg)",
    "imagen": "https://www.dia.es/product_images/140744/140744_ISO_0_ES.jpg?imwidth=392"
  },
  {
    "categoria": "Precocinados envasados",
    "nombre": "Fusilli a la carbonara Al Punto Dia sobre 145 g",
    "precio_unitario": "1,00 €",
    "precio_por_unidad": "(6,90 €/kg)",
    "imagen": "https://www.dia.es/product_images/285827/285827_ISO_0_ES.jpg?imwidth=392"
  },
  {
    "categoria": "Precocinados envasados",
    "nombre": "Flautas de bacon y 2 quesos Al Punto Dia bandeja 275 g",
    "precio_unitario": "1,95 €",
    "precio_por_unidad": "(7,09 €/kg)",
    "imagen": "https://www.dia.es/product_images/296200/296200_ISO_0_ES.jpg?imwidth=392"
  },
  {
    "categoria": "Precocinados envasados",
    "nombre": "Migas con chorizo Al Punto Dia bandeja 250 g",
    "precio_unitario": "1,89 €",
    "precio_por_unidad": "(7,56 €/kg)",
    "imagen": "https://www.dia.es/product_images/223269/223269_ISO_0_ES.jpg?imwidth=392"
  },
  {
    "categoria": "Precocinados envasados",
    "nombre": "Lasaña boloñesa Al Punto Dia bandeja 350 g",
    "precio_unitario": "2,56 €",
    "precio_por_unidad": "(7,31 €/kg)",
    "imagen": "https://www.dia.es/product_images/266359/266359_ISO_0_ES.jpg?imwidth=392"
  },
  {
    "categoria": "Precocinados envasados",
    "nombre": "Cocido madrileño Al Punto Dia lata 425 g",
    "precio_unitario": "1,77 €",
    "precio_por_unidad": "(4,16 €/kg)",
    "imagen": "https://www.dia.es/product_images/49694/49694_ISO_0_ES.jpg?imwidth=392"
  },
  {
    "categoria": "Precocinados envasados",
    "nombre": "Gyozas de pollo y verduras al teppanyaki Al Punto Dia bandeja 140 g",
    "precio_unitario": "2,95 €",
    "precio_por_unidad": "(21,07 €/kg)",
    "imagen": "https://www.dia.es/product_images/266806/266806_ISO_0_ES.jpg?imwidth=392"
  },
  {
    "categoria": "Precocinados envasados",
    "nombre": "Ensaladilla rusa Al Punto Dia bandeja 250 g",
    "precio_unitario": "1,79 €",
    "precio_por_unidad": "(7,16 €/kg)",
    "imagen": "https://www.dia.es/product_images/264423/264423_ISO_0_ES.jpg?imwidth=392"
  },
  {
    "categoria": "Precocinados envasados",
    "nombre": "Redondo de pollo asado relleno de bacon La carloteña bolsa 250 g",
    "precio_unitario": "2,75 €",
    "precio_por_unidad": "(11,00 €/kg)",
    "imagen": "https://www.dia.es/product_images/209533/209533_ISO_0_ES.jpg?imwidth=392"
  },
  {
    "categoria": "Precocinados envasados",
    "nombre": "Fabada asturiana Al Punto Dia lata 865 g",
    "precio_unitario": "2,82 €",
    "precio_por_unidad": "(3,26 €/kg)",
    "imagen": "https://www.dia.es/product_images/119818/119818_ISO_0_ES.jpg?imwidth=392"
  },
  {
    "categoria": "Precocinados envasados",
    "nombre": "Fabada asturiana Litoral lata 420 g",
    "precio_unitario": "2,50 €",
    "precio_por_unidad": "(5,95 €/kg)",
    "imagen": "https://www.dia.es/product_images/603/603_ISO_0_ES.jpg?imwidth=392"
  },
  {
    "categoria": "Precocinados envasados",
    "nombre": "Pollo asado entero Al Punto Dia bandeja 900 g",
    "precio_unitario": "5,89 €",
    "precio_por_unidad": "(6,54 €/kg)",
    "imagen": "https://www.dia.es/product_images/263463/263463_ISO_0_ES.jpg?imwidth=392"
  },
  {
    "categoria": "Precocinados envasados",
    "nombre": "Codillo asado con patatas Al Punto Dia bandeja 450 g",
    "precio_unitario": "3,19 €",
    "precio_por_unidad": "(7,09 €/kg)",
    "imagen": "https://www.dia.es/product_images/280346/280346_ISO_0_ES.jpg?imwidth=392"
  },
  {
    "categoria": "Precocinados envasados",
    "nombre": "Sándwich mixto de jamón y queso Casa Tarradellas bandeja 240 g",
    "precio_unitario": "1,89 €",
    "precio_por_unidad": "(7,88 €/kg)",
    "imagen": "https://www.dia.es/product_images/74730/74730_ISO_0_ES.jpg?imwidth=392"
  },
  {
    "categoria": "Precocinados envasados",
    "nombre": "Fabada asturiana Litoral lata 850 g",
    "precio_unitario": "4,59 €",
    "precio_por_unidad": "(5,40 €/kg)",
    "imagen": "https://www.dia.es/product_images/56160/56160_ISO_0_ES.jpg?imwidth=392"
  },
  {
    "categoria": "Precocinados envasados",
    "nombre": "Sopa juliana deshidratada Trevijano bandeja 100 g",
    "precio_unitario": "2,35 €",
    "precio_por_unidad": "(23,50 €/kg)",
    "imagen": "https://www.dia.es/product_images/50310/50310_ISO_0_ES.jpg?imwidth=392"
  },
  {
    "categoria": "Precocinados envasados",
    "nombre": "Callos a la madrileña Litoral lata 380 g",
    "precio_unitario": "4,89 €",
    "precio_por_unidad": "(12,87 €/kg)",
    "imagen": "https://www.dia.es/product_images/46587/46587_ISO_0_ES.jpg?imwidth=392"
  },
  {
    "categoria": "Precocinados envasados",
    "nombre": "Ensaladilla rusa deshidratada Trevijano bandeja 110 g",
    "precio_unitario": "2,20 €",
    "precio_por_unidad": "(20,00 €/kg)",
    "imagen": "https://www.dia.es/product_images/46561/46561_ISO_0_ES.jpg?imwidth=392"
  },
  {
    "categoria": "Precocinados envasados",
    "nombre": "Lentejas a la riojana Litoral lata 430 g",
    "precio_unitario": "2,19 €",
    "precio_por_unidad": "(5,09 €/kg)",
    "imagen": "https://www.dia.es/product_images/44471/44471_ISO_0_ES.jpg?imwidth=392"
  },
  {
    "categoria": "Precocinados envasados",
    "nombre": "Cocido madrileño Litoral lata 425 g",
    "precio_unitario": "2,89 €",
    "precio_por_unidad": "(6,80 €/kg)",
    "imagen": "https://www.dia.es/product_images/35226/35226_ISO_0_ES.jpg?imwidth=392"
  },
  {
    "categoria": "Precocinados envasados",
    "nombre": "Callos con chorizo Al Punto Dia lata 380 g",
    "precio_unitario": "2,30 €",
    "precio_por_unidad": "(6,05 €/kg)",
    "imagen": "https://www.dia.es/product_images/33811/33811_ISO_0_ES.jpg?imwidth=392"
  },
  {
    "categoria": "Precocinados envasados",
    "nombre": "Lunch bowl de alubias, arroz, maíz y vegetales Bonduelle bolsa 250 g",
    "precio_unitario": "2,99 €",
    "precio_por_unidad": "(11,96 €/kg)",
    "imagen": "https://www.dia.es/product_images/304205/304205_ISO_0_ES.jpg?imwidth=392"
  },
  {
    "categoria": "Precocinados envasados",
    "nombre": "Yarroz con verduras y salsa curry Gallina Blanca vaso 82 g",
    "precio_unitario": "1,99 €",
    "precio_por_unidad": "(24,27 €/kg)",
    "imagen": "https://www.dia.es/product_images/304109/304109_ISO_0_ES.jpg?imwidth=392"
  },
  {
    "categoria": "Precocinados envasados",
    "nombre": "Yarroz con ternera y salsa de soja Gallina Blanca vaso 84 g",
    "precio_unitario": "1,99 €",
    "precio_por_unidad": "(23,69 €/kg)",
    "imagen": "https://www.dia.es/product_images/304108/304108_ISO_0_ES.jpg?imwidth=392"
  },
  {
    "categoria": "Precocinados envasados",
    "nombre": "Yarroz con pollo y salsa teriyaki Gallina Blanca vaso 84 g",
    "precio_unitario": "1,99 €",
    "precio_por_unidad": "(23,69 €/kg)",
    "imagen": "https://www.dia.es/product_images/304107/304107_ISO_0_ES.jpg?imwidth=392"
  },
  {
    "categoria": "Precocinados envasados",
    "nombre": "Fideos orientales fusian sabor pollo Maggi sobre 121 g",
    "precio_unitario": "2,09 €",
    "precio_por_unidad": "(17,27 €/kg)",
    "imagen": "https://www.dia.es/product_images/303563/303563_ISO_0_ES.jpg?imwidth=392"
  },
  {
    "categoria": "Precocinados envasados",
    "nombre": "Alitas de pollo barbacoa Earra tarrina 500 g",
    "precio_unitario": "3,99 €",
    "precio_por_unidad": "(7,98 €/kg)",
    "imagen": "https://www.dia.es/product_images/303096/303096_ISO_0_ES.jpg?imwidth=392"
  },
  {
    "categoria": "Precocinados envasados",
    "nombre": "Garbanzos con bacalao Al Punto Dia frasco 570 g",
    "precio_unitario": "4,49 €",
    "precio_por_unidad": "(7,88 €/kg)",
    "imagen": "https://www.dia.es/product_images/302374/302374_ISO_0_ES.jpg?imwidth=392"
  },
  {
    "categoria": "Precocinados envasados",
    "nombre": "Tiras de pollo Nuestra Alacena de Dia bandeja 2 x 65 g",
    "precio_unitario": "1,95 €",
    "precio_por_unidad": "(15,00 €/kg)",
    "imagen": "https://www.dia.es/product_images/302212/302212_ISO_0_ES.jpg?imwidth=392"
  },
  {
    "categoria": "Precocinados envasados",
    "nombre": "Albóndigas de pollo Al Punto Dia lata 415 g",
    "precio_unitario": "1,70 €",
    "precio_por_unidad": "(4,10 €/kg)",
    "imagen": "https://www.dia.es/product_images/300690/300690_ISO_0_ES.jpg?imwidth=392"
  },
  {
    "categoria": "Precocinados envasados",
    "nombre": "Bocados vegetales estilo Mediterráneo Revolu green bandeja 160 g",
    "precio_unitario": "3,79 €",
    "precio_por_unidad": "(23,69 €/kg)",
    "imagen": "https://www.dia.es/product_images/297707/297707_ISO_0_ES.jpg?imwidth=392"
  },
  {
    "categoria": "Precocinados envasados",
    "nombre": "Fajitas Al Punto Dia bandeja 275 g",
    "precio_unitario": "1,95 €",
    "precio_por_unidad": "(7,09 €/kg)",
    "imagen": "https://www.dia.es/product_images/296202/296202_ISO_0_ES.jpg?imwidth=392"
  },
  {
    "categoria": "Precocinados envasados",
    "nombre": "Lasaña boloñesa fresca Al Punto Dia bandeja 800 g",
    "precio_unitario": "3,95 €",
    "precio_por_unidad": "(4,94 €/kg)",
    "imagen": "https://www.dia.es/product_images/294769/294769_ISO_0_ES.jpg?imwidth=392"
  },
  {
    "categoria": "Precocinados envasados",
    "nombre": "Hamburguesa vegetariana Garden Gourmet bandeja 150 g",
    "precio_unitario": "3,29 €",
    "precio_por_unidad": "(21,93 €/kg)",
    "imagen": "https://www.dia.es/product_images/291820/291820_ISO_0_ES.jpg?imwidth=392"
  },
  {
    "categoria": "Precocinados envasados",
    "nombre": "Penne con setas Al Punto Dia bolsa 145 g",
    "precio_unitario": "1,30 €",
    "precio_por_unidad": "(8,97 €/kg)",
    "imagen": "https://www.dia.es/product_images/290608/290608_ISO_0_ES.jpg?imwidth=392"
  },
  {
    "categoria": "Precocinados envasados",
    "nombre": "Lunch bowl espelta, guisantes, alubias, cherry, pimiento rojo y aceitunas Bonduelle bolsa 250 g",
    "precio_unitario": "2,99 €",
    "precio_por_unidad": "(11,96 €/kg)",
    "imagen": "https://www.dia.es/product_images/290517/290517_ISO_0_ES.jpg?imwidth=392"
  },
  {
    "categoria": "Precocinados envasados",
    "nombre": "Callos a la madrileña Gancedo bolsa 500 g",
    "precio_unitario": "3,95 €",
    "precio_por_unidad": "(7,90 €/kg)",
    "imagen": "https://www.dia.es/product_images/285228/285228_ISO_0_ES.jpg?imwidth=392"
  },
  {
    "categoria": "Precocinados envasados",
    "nombre": "Hummus de pimiento Al Punto Dia tarrina 220 g",
    "precio_unitario": "1,49 €",
    "precio_por_unidad": "(6,77 €/kg)",
    "imagen": "https://www.dia.es/product_images/278850/278850_ISO_0_ES.jpg?imwidth=392"
  },
  {
    "categoria": "Precocinados envasados",
    "nombre": "Magro con tomate Pamplonica caja 380 g",
    "precio_unitario": "4,75 €",
    "precio_por_unidad": "(12,50 €/kg)",
    "imagen": "https://www.dia.es/product_images/278680/278680_ISO_0_ES.jpg?imwidth=392"
  },
  {
    "categoria": "Precocinados envasados",
    "nombre": "Callos gourmet con chorizo y pimiento Pamplonica caja 380 g",
    "precio_unitario": "4,75 €",
    "precio_por_unidad": "(12,50 €/kg)",
    "imagen": "https://www.dia.es/product_images/278679/278679_ISO_0_ES.jpg?imwidth=392"
  },
  {
    "categoria": "Precocinados envasados",
    "nombre": "Lunch bowl de garbanzos, zanahoria, maíz y quinoa Bonduelle bolsa 250 g",
    "precio_unitario": "2,99 €",
    "precio_por_unidad": "(11,96 €/kg)",
    "imagen": "https://www.dia.es/product_images/277678/277678_ISO_0_ES.jpg?imwidth=392"
  },
  {
    "categoria": "Precocinados envasados",
    "nombre": "Bowl de lentejas, pimiento rojo, berenjena y cherry Bonduelle bolsa 250 g",
    "precio_unitario": "2,99 €",
    "precio_por_unidad": "(11,96 €/kg)",
    "imagen": "https://www.dia.es/product_images/277677/277677_ISO_0_ES.jpg?imwidth=392"
  },
  {
    "categoria": "Precocinados envasados",
    "nombre": "Gyozas de langostino al teppanyaki Al Punto Dia bandeja 140 g",
    "precio_unitario": "2,95 €",
    "precio_por_unidad": "(21,07 €/kg)",
    "imagen": "https://www.dia.es/product_images/274616/274616_ISO_0_ES.jpg?imwidth=392"
  },
  {
    "categoria": "Precocinados envasados",
    "nombre": "Pastel de atún Al Punto Dia bandeja 260 g",
    "precio_unitario": "2,89 €",
    "precio_por_unidad": "(11,12 €/kg)",
    "imagen": "https://www.dia.es/product_images/273058/273058_ISO_0_ES.jpg?imwidth=392"
  },
  {
    "categoria": "Precocinados envasados",
    "nombre": "Tallarines a la carbonara Al Punto Dia bandeja 250 g",
    "precio_unitario": "2,35 €",
    "precio_por_unidad": "(9,40 €/kg)",
    "imagen": "https://www.dia.es/product_images/266361/266361_ISO_0_ES.jpg?imwidth=392"
  },
  {
    "categoria": "Precocinados envasados",
    "nombre": "Macarrones con chorizo Al Punto Dia bandeja 250 g",
    "precio_unitario": "2,35 €",
    "precio_por_unidad": "(9,40 €/kg)",
    "imagen": "https://www.dia.es/product_images/266360/266360_ISO_0_ES.jpg?imwidth=392"
  },
  {
    "categoria": "Precocinados envasados",
    "nombre": "Hamburguesa con bacon Al Punto Dia bandeja 220 g",
    "precio_unitario": "2,65 €",
    "precio_por_unidad": "(12,05 €/kg)",
    "imagen": "https://www.dia.es/product_images/263607/263607_ISO_0_ES.jpg?imwidth=392"
  },
  {
    "categoria": "Precocinados envasados",
    "nombre": "Hamburguesa con queso Al Punto Dia caja 220 g",
    "precio_unitario": "2,65 €",
    "precio_por_unidad": "(12,05 €/kg)",
    "imagen": "https://www.dia.es/product_images/263604/263604_ISO_0_ES.jpg?imwidth=392"
  },
  {
    "categoria": "Precocinados envasados",
    "nombre": "Empanado vegetal Garden Gourmet bandeja 180 g",
    "precio_unitario": "3,29 €",
    "precio_por_unidad": "(18,28 €/kg)",
    "imagen": "https://www.dia.es/product_images/250595/250595_ISO_0_ES.jpg?imwidth=392"
  },
  {
    "categoria": "Precocinados envasados",
    "nombre": "Fabada asturiana bajo en sal Litoral lata 435 g",
    "precio_unitario": "2,79 €",
    "precio_por_unidad": "(6,41 €/kg)",
    "imagen": "https://www.dia.es/product_images/244183/244183_ISO_0_ES.jpg?imwidth=392"
  },
  {
    "categoria": "Precocinados envasados",
    "nombre": "Albóndigas con tomate y patatas Al Punto Dia bandeja 250 g",
    "precio_unitario": "2,89 €",
    "precio_por_unidad": "(11,56 €/kg)",
    "imagen": "https://www.dia.es/product_images/223267/223267_ISO_0_ES.jpg?imwidth=392"
  },
  {
    "categoria": "Precocinados envasados",
    "nombre": "Macarrones a la boloñesa Carretilla bandeja 325 g",
    "precio_unitario": "2,99 €",
    "precio_por_unidad": "(9,20 €/kg)",
    "imagen": "https://www.dia.es/product_images/216477/216477_ISO_0_ES.jpg?imwidth=392"
  },
  {
    "categoria": "Precocinados envasados",
    "nombre": "Fideos orientales yakisoba carne Gallina Blanca Yatekomo vaso 93 g",
    "precio_unitario": "1,95 €",
    "precio_por_unidad": "(20,97 €/kg)",
    "imagen": "https://www.dia.es/product_images/208863/208863_ISO_0_ES.jpg?imwidth=392"
  },
  {
    "categoria": "Precocinados envasados",
    "nombre": "Hamburguesa con queso Palacios bandeja 2 x 125 g",
    "precio_unitario": "2,95 €",
    "precio_por_unidad": "(11,80 €/kg)",
    "imagen": "https://www.dia.es/product_images/190038/190038_ISO_0_ES.jpg?imwidth=392"
  },
  {
    "categoria": "Precocinados envasados",
    "nombre": "Ensaladilla de cangrejo Ensalandia bandeja 250 g",
    "precio_unitario": "1,95 €",
    "precio_por_unidad": "(7,80 €/kg)",
    "imagen": "https://www.dia.es/product_images/189920/189920_ISO_0_ES.jpg?imwidth=392"
  },
  {
    "categoria": "Precocinados envasados",
    "nombre": "Patatas alioli Ensalandia bandeja 250 g",
    "precio_unitario": "1,49 €",
    "precio_por_unidad": "(5,96 €/kg)",
    "imagen": "https://www.dia.es/product_images/189917/189917_ISO_0_ES.jpg?imwidth=392"
  },
  {
    "categoria": "Precocinados envasados",
    "nombre": "Garbanzos con espinacas Litoral lata 425 g",
    "precio_unitario": "2,19 €",
    "precio_por_unidad": "(5,15 €/kg)",
    "imagen": "https://www.dia.es/product_images/189861/189861_ISO_0_ES.jpg?imwidth=392"
  },
  {
    "categoria": "Precocinados envasados",
    "nombre": "Lentejas con verduras Al Punto Dia lata 415 g",
    "precio_unitario": "1,14 €",
    "precio_por_unidad": "(2,75 €/kg)",
    "imagen": "https://www.dia.es/product_images/155804/155804_ISO_0_ES.jpg?imwidth=392"
  },
  {
    "categoria": "Precocinados envasados",
    "nombre": "Risotto de hongos Trevijano bandeja 280 g",
    "precio_unitario": "3,32 €",
    "precio_por_unidad": "(11,86 €/kg)",
    "imagen": "https://www.dia.es/product_images/147605/147605_ISO_0_ES.jpg?imwidth=392"
  },
  {
    "categoria": "Precocinados envasados",
    "nombre": "Noodles sabor pollo Al Punto Dia sobre 85 g",
    "precio_unitario": "0,99 €",
    "precio_por_unidad": "(11,65 €/kg)",
    "imagen": "https://www.dia.es/product_images/147389/147389_ISO_0_ES.jpg?imwidth=392"
  },
  {
    "categoria": "Precocinados envasados",
    "nombre": "Tallarines carbonara Gallina Blanca sobre 143 g",
    "precio_unitario": "2,59 €",
    "precio_por_unidad": "(18,11 €/kg)",
    "imagen": "https://www.dia.es/product_images/1467/1467_ISO_0_ES.jpg?imwidth=392"
  },
  {
    "categoria": "Precocinados envasados",
    "nombre": "Tallarines parmesana Gallina Blanca sobre 143 g",
    "precio_unitario": "2,59 €",
    "precio_por_unidad": "(18,11 €/kg)",
    "imagen": "https://www.dia.es/product_images/1466/1466_ISO_0_ES.jpg?imwidth=392"
  },
  {
    "categoria": "Precocinados envasados",
    "nombre": "Fideuá para microondas Carretilla bandeja 250 g",
    "precio_unitario": "2,99 €",
    "precio_por_unidad": "(11,96 €/kg)",
    "imagen": "https://www.dia.es/product_images/144926/144926_ISO_0_ES.jpg?imwidth=392"
  },
  {
    "categoria": "Precocinados envasados",
    "nombre": "Paella marinera para microondas Carretilla bandeja 250 g",
    "precio_unitario": "2,99 €",
    "precio_por_unidad": "(11,96 €/kg)",
    "imagen": "https://www.dia.es/product_images/144925/144925_ISO_0_ES.jpg?imwidth=392"
  },
  {
    "categoria": "Precocinados envasados",
    "nombre": "Redondo de pollo asado La carloteña bolsa 340 g",
    "precio_unitario": "3,89 €",
    "precio_por_unidad": "(11,44 €/kg)",
    "imagen": "https://www.dia.es/product_images/124733/124733_ISO_0_ES.jpg?imwidth=392"
  },
  {
    "categoria": "Precocinados envasados",
    "nombre": "Tiras de pechuga de pollo asado La pila bandeja 125 g",
    "precio_unitario": "1,95 €",
    "precio_por_unidad": "(15,60 €/kg)",
    "imagen": "https://www.dia.es/product_images/105462/105462_ISO_0_ES.jpg?imwidth=392"
  },
  {
    "categoria": "Comida internacional",
    "nombre": "Tortillas trigo Al Punto Dia bolsa 320 g",
    "precio_unitario": "1,07 €",
    "precio_por_unidad": "(3,34 €/kg)",
    "imagen": "https://www.dia.es/product_images/13356/13356_ISO_0_ES.jpg?imwidth=392"
  },
  {
    "categoria": "Comida internacional",
    "nombre": "Noodles orientales sabor pollo Al Punto Dia vaso 65 g",
    "precio_unitario": "0,85 €",
    "precio_por_unidad": "(13,08 €/kg)",
    "imagen": "https://www.dia.es/product_images/218533/218533_ISO_0_ES.jpg?imwidth=392"
  },
  {
    "categoria": "Comida internacional",
    "nombre": "Tortilla integral Al Punto Dia bolsa 320 g",
    "precio_unitario": "1,47 €",
    "precio_por_unidad": "(4,59 €/kg)",
    "imagen": "https://www.dia.es/product_images/285410/285410_ISO_0_ES.jpg?imwidth=392"
  },
  {
    "categoria": "Comida internacional",
    "nombre": "Rollitos de primavera Al Punto Dia bandeja 280 g",
    "precio_unitario": "2,45 €",
    "precio_por_unidad": "(8,75 €/kg)",
    "imagen": "https://www.dia.es/product_images/298950/298950_ISO_0_ES.jpg?imwidth=392"
  },
  {
    "categoria": "Comida internacional",
    "nombre": "Noodles sabor pollo Al Punto Dia sobre 85 g",
    "precio_unitario": "0,99 €",
    "precio_por_unidad": "(11,65 €/kg)",
    "imagen": "https://www.dia.es/product_images/147389/147389_ISO_0_ES.jpg?imwidth=392"
  },
  {
    "categoria": "Comida internacional",
    "nombre": "Noodles orientales sabor verduras Al Punto Dia vaso 65 g",
    "precio_unitario": "0,85 €",
    "precio_por_unidad": "(13,08 €/kg)",
    "imagen": "https://www.dia.es/product_images/218534/218534_ISO_0_ES.jpg?imwidth=392"
  },
  {
    "categoria": "Comida internacional",
    "nombre": "Gyozas de pollo y verduras al teppanyaki Al Punto Dia bandeja 140 g",
    "precio_unitario": "2,95 €",
    "precio_por_unidad": "(21,07 €/kg)",
    "imagen": "https://www.dia.es/product_images/266806/266806_ISO_0_ES.jpg?imwidth=392"
  },
  {
    "categoria": "Comida internacional",
    "nombre": "Salsa en polvo Tajín frasco 142 g",
    "precio_unitario": "3,30 €",
    "precio_por_unidad": "(23,24 €/kg)",
    "imagen": "https://www.dia.es/product_images/291366/291366_ISO_0_ES.jpg?imwidth=392"
  },
  {
    "categoria": "Comida internacional",
    "nombre": "Sazonador para fajitas Al Punto Dia sobre 30 g",
    "precio_unitario": "0,89 €",
    "precio_por_unidad": "(29,67 €/kg)",
    "imagen": "https://www.dia.es/product_images/141624/141624_ISO_0_ES.jpg?imwidth=392"
  },
  {
    "categoria": "Comida internacional",
    "nombre": "Noodles sabor gamba Al Punto Dia sobre 85 g",
    "precio_unitario": "0,99 €",
    "precio_por_unidad": "(11,65 €/kg)",
    "imagen": "https://www.dia.es/product_images/177647/177647_ISO_0_ES.jpg?imwidth=392"
  },
  {
    "categoria": "Comida internacional",
    "nombre": "Pasta oriental fusian sabor pollo Maggi sobre 71 g",
    "precio_unitario": "0,99 €",
    "precio_por_unidad": "(13,94 €/kg)",
    "imagen": "https://www.dia.es/product_images/16357/16357_ISO_0_ES.jpg?imwidth=392"
  },
  {
    "categoria": "Comida internacional",
    "nombre": "Fajitas Al Punto Dia bandeja 275 g",
    "precio_unitario": "1,95 €",
    "precio_por_unidad": "(7,09 €/kg)",
    "imagen": "https://www.dia.es/product_images/296202/296202_ISO_0_ES.jpg?imwidth=392"
  },
  {
    "categoria": "Comida internacional",
    "nombre": "Fideos orientales pollo Gallina Blanca Yatekomo bote 2 x 60 g",
    "precio_unitario": "3,05 €",
    "precio_por_unidad": "(25,42 €/kg)",
    "imagen": "https://www.dia.es/product_images/235248/235248_ISO_0_ES.jpg?imwidth=392"
  },
  {
    "categoria": "Comida internacional",
    "nombre": "Fideos de arroz vermicelli Tiger Khan bolsa 250 g",
    "precio_unitario": "2,35 €",
    "precio_por_unidad": "(9,40 €/kg)",
    "imagen": "https://www.dia.es/product_images/189076/189076_ISO_0_ES.jpg?imwidth=392"
  },
  {
    "categoria": "Comida internacional",
    "nombre": "Fideos orientales pollo con soja Gallina Blanca sobre 82 g",
    "precio_unitario": "1,00 €",
    "precio_por_unidad": "(12,66 €/kg)",
    "imagen": "https://www.dia.es/product_images/162857/162857_ISO_0_ES.jpg?imwidth=392"
  },
  {
    "categoria": "Comida internacional",
    "nombre": "Fideos orientales yakisoba Gallina Blanca Yatekomo bolsa 93 g",
    "precio_unitario": "1,59 €",
    "precio_por_unidad": "(17,10 €/kg)",
    "imagen": "https://www.dia.es/product_images/228642/228642_ISO_0_ES.jpg?imwidth=392"
  },
  {
    "categoria": "Comida internacional",
    "nombre": "Fideos tradicionales Tiger Khan bolsa 400 g",
    "precio_unitario": "3,35 €",
    "precio_por_unidad": "(8,38 €/kg)",
    "imagen": "https://www.dia.es/product_images/280340/280340_ISO_0_ES.jpg?imwidth=392"
  },
  {
    "categoria": "Comida internacional",
    "nombre": "Fideos orientales pollo Gallina Blanca Yatekomo vaso 60 g",
    "precio_unitario": "1,55 €",
    "precio_por_unidad": "(25,83 €/kg)",
    "imagen": "https://www.dia.es/product_images/160612/160612_ISO_0_ES.jpg?imwidth=392"
  },
  {
    "categoria": "Comida internacional",
    "nombre": "Gyozas de langostino al teppanyaki Al Punto Dia bandeja 140 g",
    "precio_unitario": "2,95 €",
    "precio_por_unidad": "(21,07 €/kg)",
    "imagen": "https://www.dia.es/product_images/274616/274616_ISO_0_ES.jpg?imwidth=392"
  },
  {
    "categoria": "Comida internacional",
    "nombre": "Tabulé oriental Pierre Martinet bandeja 200 g",
    "precio_unitario": "1,95 €",
    "precio_por_unidad": "(9,75 €/kg)",
    "imagen": "https://www.dia.es/product_images/147445/147445_ISO_0_ES.jpg?imwidth=392"
  },
  {
    "categoria": "Comida internacional",
    "nombre": "Pasta oriental sabor curry Maggi sobre 71 g",
    "precio_unitario": "0,99 €",
    "precio_por_unidad": "(13,94 €/kg)",
    "imagen": "https://www.dia.es/product_images/89547/89547_ISO_0_ES.jpg?imwidth=392"
  },
  {
    "categoria": "Comida internacional",
    "nombre": "Tortillas de trigo Old El Paso bolsa 244 g",
    "precio_unitario": "2,35 €",
    "precio_por_unidad": "(9,63 €/kg)",
    "imagen": "https://www.dia.es/product_images/87036/87036_ISO_0_ES.jpg?imwidth=392"
  },
  {
    "categoria": "Comida internacional",
    "nombre": "Salsa chunky Zanuy frasco 300 g",
    "precio_unitario": "2,20 €",
    "precio_por_unidad": "(7,33 €/kg)",
    "imagen": "https://www.dia.es/product_images/302185/302185_ISO_0_ES.jpg?imwidth=392"
  },
  {
    "categoria": "Comida internacional",
    "nombre": "Tortillas integrales bolsa Old El Paso bolsa 350 g",
    "precio_unitario": "3,39 €",
    "precio_por_unidad": "(9,69 €/kg)",
    "imagen": "https://www.dia.es/product_images/288723/288723_ISO_0_ES.jpg?imwidth=392"
  },
  {
    "categoria": "Comida internacional",
    "nombre": "Fideos orientales fusian sabor teriyaki Maggi sobre 130 g",
    "precio_unitario": "2,09 €",
    "precio_por_unidad": "(16,08 €/kg)",
    "imagen": "https://www.dia.es/product_images/285917/285917_ISO_0_ES.jpg?imwidth=392"
  },
  {
    "categoria": "Comida internacional",
    "nombre": "Fideos orientales fusian sabor curry Maggi sobre 118 g",
    "precio_unitario": "2,09 €",
    "precio_por_unidad": "(17,71 €/kg)",
    "imagen": "https://www.dia.es/product_images/285600/285600_ISO_0_ES.jpg?imwidth=392"
  },
  {
    "categoria": "Comida internacional",
    "nombre": "Fideos orientales classic magic asia Maggi sobre 121 g",
    "precio_unitario": "2,09 €",
    "precio_por_unidad": "(17,27 €/kg)",
    "imagen": "https://www.dia.es/product_images/285599/285599_ISO_0_ES.jpg?imwidth=392"
  },
  {
    "categoria": "Comida internacional",
    "nombre": "Sazonador para burritos suave Old El Paso sobre 40 g",
    "precio_unitario": "1,39 €",
    "precio_por_unidad": "(34,75 €/kg)",
    "imagen": "https://www.dia.es/product_images/284529/284529_ISO_0_ES.jpg?imwidth=392"
  },
  {
    "categoria": "Comida internacional",
    "nombre": "Chili con carne Old El Paso lata 418 g",
    "precio_unitario": "3,99 €",
    "precio_por_unidad": "(9,55 €/kg)",
    "imagen": "https://www.dia.es/product_images/28188/28188_ISO_0_ES.jpg?imwidth=392"
  },
  {
    "categoria": "Comida internacional",
    "nombre": "Fideos de arroz Tiger Khan bolsa 375 g",
    "precio_unitario": "3,19 €",
    "precio_por_unidad": "(8,51 €/kg)",
    "imagen": "https://www.dia.es/product_images/280402/280402_ISO_0_ES.jpg?imwidth=392"
  },
  {
    "categoria": "Comida internacional",
    "nombre": "Tortillas de trigo para burrito Mexifoods bolsa 370 g",
    "precio_unitario": "2,49 €",
    "precio_por_unidad": "(6,73 €/kg)",
    "imagen": "https://www.dia.es/product_images/280362/280362_ISO_0_ES.jpg?imwidth=392"
  },
  {
    "categoria": "Comida internacional",
    "nombre": "Tortilla pockets Old El Paso caja 223 g",
    "precio_unitario": "3,39 €",
    "precio_por_unidad": "(15,20 €/kg)",
    "imagen": "https://www.dia.es/product_images/270695/270695_ISO_0_ES.jpg?imwidth=392"
  },
  {
    "categoria": "Comida internacional",
    "nombre": "Tortillas mexicanas sin gluten Old El Paso bolsa 216 g",
    "precio_unitario": "3,39 €",
    "precio_por_unidad": "(15,69 €/kg)",
    "imagen": "https://www.dia.es/product_images/250632/250632_ISO_0_ES.jpg?imwidth=392"
  },
  {
    "categoria": "Comida internacional",
    "nombre": "Fideos orientales yakisoba pollo Gallina Blanca Yatekomo bolsa 93 g",
    "precio_unitario": "1,59 €",
    "precio_por_unidad": "(17,10 €/kg)",
    "imagen": "https://www.dia.es/product_images/228641/228641_ISO_0_ES.jpg?imwidth=392"
  },
  {
    "categoria": "Comida internacional",
    "nombre": "Tortillas wraps Old El Paso bolsa 350 g",
    "precio_unitario": "3,39 €",
    "precio_por_unidad": "(9,69 €/kg)",
    "imagen": "https://www.dia.es/product_images/225923/225923_ISO_0_ES.jpg?imwidth=392"
  },
  {
    "categoria": "Comida internacional",
    "nombre": "Kit fajitas Old El Paso caja 505 g",
    "precio_unitario": "5,99 €",
    "precio_por_unidad": "(11,86 €/kg)",
    "imagen": "https://www.dia.es/product_images/22565/22565_ISO_0_ES.jpg?imwidth=392"
  },
  {
    "categoria": "Comida internacional",
    "nombre": "Cous cous marroquí Trevijano bandeja 300 g",
    "precio_unitario": "2,99 €",
    "precio_por_unidad": "(9,97 €/kg)",
    "imagen": "https://www.dia.es/product_images/204541/204541_ISO_0_ES.jpg?imwidth=392"
  },
  {
    "categoria": "Comida internacional",
    "nombre": "Fideos orientales yakisoba Gallina Blanca Yatekomo vaso 93 g",
    "precio_unitario": "1,95 €",
    "precio_por_unidad": "(20,97 €/kg)",
    "imagen": "https://www.dia.es/product_images/197611/197611_ISO_0_ES.jpg?imwidth=392"
  },
  {
    "categoria": "Comida internacional",
    "nombre": "Fideos orientales yakisoba pollo Gallina Blanca Yatekomo vaso 93 g",
    "precio_unitario": "1,95 €",
    "precio_por_unidad": "(20,97 €/kg)",
    "imagen": "https://www.dia.es/product_images/197610/197610_ISO_0_ES.jpg?imwidth=392"
  },
  {
    "categoria": "Comida internacional",
    "nombre": "Alga wakame 100% natural Trevijano bandeja 50 g",
    "precio_unitario": "2,70 €",
    "precio_por_unidad": "(54,00 €/kg)",
    "imagen": "https://www.dia.es/product_images/190555/190555_ISO_0_ES.jpg?imwidth=392"
  },
  {
    "categoria": "Comida internacional",
    "nombre": "Jugo de coco bajo en grasa Tiger Khan lata 400 g",
    "precio_unitario": "2,39 €",
    "precio_por_unidad": "(5,98 €/kg)",
    "imagen": "https://www.dia.es/product_images/189082/189082_ISO_0_ES.jpg?imwidth=392"
  },
  {
    "categoria": "Comida internacional",
    "nombre": "Frijoles negros enteros La costeña lata 560 g",
    "precio_unitario": "3,05 €",
    "precio_por_unidad": "(5,45 €/kg)",
    "imagen": "https://www.dia.es/product_images/188235/188235_ISO_0_ES.jpg?imwidth=392"
  },
  {
    "categoria": "Comida internacional",
    "nombre": "Nachos de jalapeños en escabeche La costeña lata 121 g",
    "precio_unitario": "2,05 €",
    "precio_por_unidad": "(16,94 €/kg)",
    "imagen": "https://www.dia.es/product_images/181609/181609_ISO_0_ES.jpg?imwidth=392"
  },
  {
    "categoria": "Comida internacional",
    "nombre": "Salsa mexicana casera La costeña lata 220 g",
    "precio_unitario": "2,05 €",
    "precio_por_unidad": "(9,32 €/kg)",
    "imagen": "https://www.dia.es/product_images/181608/181608_ISO_0_ES.jpg?imwidth=392"
  },
  {
    "categoria": "Comida internacional",
    "nombre": "Salsa mexicana verde La costeña lata 220 g",
    "precio_unitario": "2,05 €",
    "precio_por_unidad": "(9,32 €/kg)",
    "imagen": "https://www.dia.es/product_images/181607/181607_ISO_0_ES.jpg?imwidth=392"
  },
  {
    "categoria": "Comida internacional",
    "nombre": "Fideos orientales curry Gallina Blanca Yatekomo vaso 61 g",
    "precio_unitario": "1,52 €",
    "precio_por_unidad": "(24,92 €/kg)",
    "imagen": "https://www.dia.es/product_images/176268/176268_ISO_0_ES.jpg?imwidth=392"
  },
  {
    "categoria": "Comida internacional",
    "nombre": "Sazonador para fajitas Old El Paso sobre 30 g",
    "precio_unitario": "1,39 €",
    "precio_por_unidad": "(46,33 €/kg)",
    "imagen": "https://www.dia.es/product_images/139419/139419_ISO_0_ES.jpg?imwidth=392"
  },
  {
    "categoria": "Tortillas y empanadas",
    "nombre": "Tortilla de patatas con cebolla Al Punto Dia bandeja 600 g",
    "precio_unitario": "2,59 €",
    "precio_por_unidad": "(4,32 €/kg)",
    "imagen": "https://www.dia.es/product_images/262522/262522_ISO_0_ES.jpg?imwidth=392"
  },
  {
    "categoria": "Tortillas y empanadas",
    "nombre": "Mini tortilla de patatas con cebolla Al Punto Dia bandeja 220 g",
    "precio_unitario": "1,00 €",
    "precio_por_unidad": "(4,55 €/kg)",
    "imagen": "https://www.dia.es/product_images/183750/183750_ISO_0_ES.jpg?imwidth=392"
  },
  {
    "categoria": "Tortillas y empanadas",
    "nombre": "Empanada de atún El molino de Dia bolsa 550 g",
    "precio_unitario": "3,69 €",
    "precio_por_unidad": "(6,71 €/kg)",
    "imagen": "https://www.dia.es/product_images/160625/160625_ISO_0_ES.jpg?imwidth=392"
  },
  {
    "categoria": "Tortillas y empanadas",
    "nombre": "Tortilla de patatas sin cebolla Al Punto Dia bandeja 600 g",
    "precio_unitario": "2,59 €",
    "precio_por_unidad": "(4,32 €/kg)",
    "imagen": "https://www.dia.es/product_images/262523/262523_ISO_0_ES.jpg?imwidth=392"
  },
  {
    "categoria": "Tortillas y empanadas",
    "nombre": "Empanada de pollo El molino de Dia 550 g",
    "precio_unitario": "3,69 €",
    "precio_por_unidad": "(6,71 €/kg)",
    "imagen": "https://www.dia.es/product_images/220460/220460_ISO_0_ES.jpg?imwidth=392"
  },
  {
    "categoria": "Tortillas y empanadas",
    "nombre": "Tortilla de patata fresca Al Punto Dia bandeja 600 g",
    "precio_unitario": "2,95 €",
    "precio_por_unidad": "(4,92 €/kg)",
    "imagen": "https://www.dia.es/product_images/299100/299100_ISO_0_ES.jpg?imwidth=392"
  },
  {
    "categoria": "Tortillas y empanadas",
    "nombre": "Empanada de carne El molino de Dia bolsa 550 g",
    "precio_unitario": "3,69 €",
    "precio_por_unidad": "(6,71 €/kg)",
    "imagen": "https://www.dia.es/product_images/160624/160624_ISO_0_ES.jpg?imwidth=392"
  },
  {
    "categoria": "Tortillas y empanadas",
    "nombre": "Empanada de pollo El molino de Dia bolsa 120 g",
    "precio_unitario": "0,69 €",
    "precio_por_unidad": "(5,75 €/kg)",
    "imagen": "https://www.dia.es/product_images/196890/196890_ISO_0_ES.jpg?imwidth=392"
  },
  {
    "categoria": "Tortillas y empanadas",
    "nombre": "Empanada de bacalao El molino de Dia bolsa 550 g",
    "precio_unitario": "3,69 €",
    "precio_por_unidad": "(6,71 €/kg)",
    "imagen": "https://www.dia.es/product_images/207274/207274_ISO_0_ES.jpg?imwidth=392"
  },
  {
    "categoria": "Tortillas y empanadas",
    "nombre": "Tortilla de patatas con chorizo Al Punto Dia bandeja 600 g",
    "precio_unitario": "3,69 €",
    "precio_por_unidad": "(6,15 €/kg)",
    "imagen": "https://www.dia.es/product_images/267420/267420_ISO_0_ES.jpg?imwidth=392"
  },
  {
    "categoria": "Tortillas y empanadas",
    "nombre": "Tortilla vegana Revolu green bolsa 200 g",
    "precio_unitario": "1,39 €",
    "precio_por_unidad": "(6,95 €/kg)",
    "imagen": "https://www.dia.es/product_images/287339/287339_ISO_0_ES.jpg?imwidth=392"
  },
  {
    "categoria": "Tortillas y empanadas",
    "nombre": "Tortilla de patatas con espinacas Palacios bandeja 300 g",
    "precio_unitario": "2,79 €",
    "precio_por_unidad": "(9,30 €/kg)",
    "imagen": "https://www.dia.es/product_images/244567/244567_ISO_0_ES.jpg?imwidth=392"
  },
  {
    "categoria": "Tortillas y empanadas",
    "nombre": "Tortilla de patatas con cebolla Palacios bandeja 650 g",
    "precio_unitario": "4,69 €",
    "precio_por_unidad": "(7,22 €/kg)",
    "imagen": "https://www.dia.es/product_images/239160/239160_ISO_0_ES.jpg?imwidth=392"
  },
  {
    "categoria": "Gazpachos y salmorejos",
    "nombre": "Gazpacho Al Punto Dia brik 1 l",
    "precio_unitario": "1,60 €",
    "precio_por_unidad": "(1,60 €/L)",
    "imagen": "https://www.dia.es/product_images/43231/43231_ISO_0_ES.jpg?imwidth=392"
  },
  {
    "categoria": "Gazpachos y salmorejos",
    "nombre": "Salmorejo Al Punto Dia brik 1 l",
    "precio_unitario": "2,15 €",
    "precio_por_unidad": "(2,15 €/L)",
    "imagen": "https://www.dia.es/product_images/231863/231863_ISO_0_ES.jpg?imwidth=392"
  },
  {
    "categoria": "Gazpachos y salmorejos",
    "nombre": "Gazpacho Al Punto Dia brik 3 x 330 ml",
    "precio_unitario": "2,15 €",
    "precio_por_unidad": "(2,17 €/L)",
    "imagen": "https://www.dia.es/product_images/82955/82955_ISO_0_ES.jpg?imwidth=392"
  },
  {
    "categoria": "Gazpachos y salmorejos",
    "nombre": "Gazpacho suave Al Punto Dia brik 1 l",
    "precio_unitario": "1,79 €",
    "precio_por_unidad": "(1,79 €/L)",
    "imagen": "https://www.dia.es/product_images/246136/246136_ISO_0_ES.jpg?imwidth=392"
  },
  {
    "categoria": "Agua",
    "nombre": "Agua mineral natural Dia garrafa 5 l",
    "precio_unitario": "0,65 €",
    "precio_por_unidad": "(0,13 €/L)",
    "imagen": "https://www.dia.es/product_images/26996/26996_ISO_0_ES.jpg?imwidth=392"
  },
  {
    "categoria": "Agua",
    "nombre": "Agua mineral natural Dia botella 1.5 l",
    "precio_unitario": "0,25 €",
    "precio_por_unidad": "(0,17 €/L)",
    "imagen": "https://www.dia.es/product_images/26995/26995_ISO_0_ES.jpg?imwidth=392"
  },
  {
    "categoria": "Agua",
    "nombre": "Agua mineral natural Bezoya botella 6 x 1.5 l",
    "precio_unitario": "4,44 €",
    "precio_por_unidad": "(0,49 €/L)",
    "imagen": "https://www.dia.es/product_images/44302P6/44302P6_ISO_0_ES.jpg?imwidth=392"
  },
  {
    "categoria": "Agua",
    "nombre": "Agua mineral con gas Dia botella 1.5 l",
    "precio_unitario": "0,41 €",
    "precio_por_unidad": "(0,27 €/L)",
    "imagen": "https://www.dia.es/product_images/99265/99265_ISO_0_ES.jpg?imwidth=392"
  },
  {
    "categoria": "Agua",
    "nombre": "Agua mineral natural Aquabona pack 6 x 1.5 l",
    "precio_unitario": "3,90 €",
    "precio_por_unidad": "(0,43 €/L)",
    "imagen": "https://www.dia.es/product_images/53267P6/53267P6_ISO_0_ES.jpg?imwidth=392"
  },
  {
    "categoria": "Agua",
    "nombre": "Agua mineral natural Dia botella 50 cl",
    "precio_unitario": "0,22 €",
    "precio_por_unidad": "(0,44 €/L)",
    "imagen": "https://www.dia.es/product_images/37776/37776_ISO_0_ES.jpg?imwidth=392"
  },
  {
    "categoria": "Agua",
    "nombre": "Agua mineral natural Aquarel pack 6 x 1.5 l",
    "precio_unitario": "3,54 €",
    "precio_por_unidad": "(0,39 €/L)",
    "imagen": "https://www.dia.es/product_images/38301P6/38301P6_ISO_0_ES.jpg?imwidth=392"
  },
  {
    "categoria": "Agua",
    "nombre": "Agua mineral natural Dia botella 75 cl",
    "precio_unitario": "0,47 €",
    "precio_por_unidad": "(0,63 €/L)",
    "imagen": "https://www.dia.es/product_images/302520/302520_ISO_0_ES.jpg?imwidth=392"
  },
  {
    "categoria": "Agua",
    "nombre": "Agua mineral natural Solán de Cabras botella 50 cl",
    "precio_unitario": "0,76 €",
    "precio_por_unidad": "(1,52 €/L)",
    "imagen": "https://www.dia.es/product_images/144819/144819_ISO_0_ES.jpg?imwidth=392"
  },
  {
    "categoria": "Agua",
    "nombre": "Agua mineral con gas Dia botella 50 cl",
    "precio_unitario": "0,27 €",
    "precio_por_unidad": "(0,54 €/L)",
    "imagen": "https://www.dia.es/product_images/24874/24874_ISO_0_ES.jpg?imwidth=392"
  },
  {
    "categoria": "Agua",
    "nombre": "Agua mineral natural Solán de Cabras botella 1.5 l",
    "precio_unitario": "0,87 €",
    "precio_por_unidad": "(0,58 €/L)",
    "imagen": "https://www.dia.es/product_images/56684/56684_ISO_0_ES.jpg?imwidth=392"
  },
  {
    "categoria": "Agua",
    "nombre": "Agua mineral natural Aquarel pack 2 x 5 l",
    "precio_unitario": "3,50 €",
    "precio_por_unidad": "(0,35 €/L)",
    "imagen": "https://www.dia.es/product_images/40570P2/40570P2_ISO_0_ES.jpg?imwidth=392"
  },
  {
    "categoria": "Agua",
    "nombre": "Agua mineral natural Fuente primavera pack 6 x 1 l",
    "precio_unitario": "2,94 €",
    "precio_por_unidad": "(0,49 €/L)",
    "imagen": "https://www.dia.es/product_images/297837P6/297837P6_ISO_0_ES.jpg?imwidth=392"
  },
  {
    "categoria": "Agua",
    "nombre": "Agua mineral natural Dia botella 33 cl",
    "precio_unitario": "0,24 €",
    "precio_por_unidad": "(0,73 €/L)",
    "imagen": "https://www.dia.es/product_images/50567/50567_ISO_0_ES.jpg?imwidth=392"
  },
  {
    "categoria": "Agua",
    "nombre": "Agua mineral natural Font Vella pack 6 x 1.5 l",
    "precio_unitario": "4,38 €",
    "precio_por_unidad": "(0,49 €/L)",
    "imagen": "https://www.dia.es/product_images/85P6/85P6_ISO_0_ES.jpg?imwidth=392"
  },
  {
    "categoria": "Agua",
    "nombre": "Agua mineral natural Aquarel pack 6 x 33 cl",
    "precio_unitario": "3,24 €",
    "precio_por_unidad": "(1,64 €/L)",
    "imagen": "https://www.dia.es/product_images/41117P6/41117P6_ISO_0_ES.jpg?imwidth=392"
  },
  {
    "categoria": "Agua",
    "nombre": "Agua mineral natural Solán de Cabras botella 6 x 1.5 l",
    "precio_unitario": "5,22 €",
    "precio_por_unidad": "(0,58 €/L)",
    "imagen": "https://www.dia.es/product_images/56684P6/56684P6_ISO_0_ES.jpg?imwidth=392"
  },
  {
    "categoria": "Agua",
    "nombre": "Agua mineral natural Lanjarón pack 6 x 1.5 l",
    "precio_unitario": "4,02 €",
    "precio_por_unidad": "(0,45 €/L)",
    "imagen": "https://www.dia.es/product_images/47768P6/47768P6_ISO_0_ES.jpg?imwidth=392"
  },
  {
    "categoria": "Agua",
    "nombre": "Agua mineral natural Font Vella garrafa 6.25 l",
    "precio_unitario": "2,29 €",
    "precio_por_unidad": "(0,37 €/L)",
    "imagen": "https://www.dia.es/product_images/120230/120230_ISO_0_ES.jpg?imwidth=392"
  },
  {
    "categoria": "Agua",
    "nombre": "Agua mineral natural Font Vella botella 1.5 l",
    "precio_unitario": "0,73 €",
    "precio_por_unidad": "(0,49 €/L)",
    "imagen": "https://www.dia.es/product_images/85/85_ISO_0_ES.jpg?imwidth=392"
  },
  {
    "categoria": "Agua",
    "nombre": "Agua mineral natural Cabreiroá pack 6 x 1.5 l",
    "precio_unitario": "4,38 €",
    "precio_por_unidad": "(0,49 €/L)",
    "imagen": "https://www.dia.es/product_images/77746P6/77746P6_ISO_0_ES.jpg?imwidth=392"
  },
  {
    "categoria": "Agua",
    "nombre": "Agua mineral natural Cabreiroá botella 1.5 l",
    "precio_unitario": "0,73 €",
    "precio_por_unidad": "(0,49 €/L)",
    "imagen": "https://www.dia.es/product_images/77746/77746_ISO_0_ES.jpg?imwidth=392"
  },
  {
    "categoria": "Agua",
    "nombre": "Agua mineral con gas Vichy botella 1 l",
    "precio_unitario": "1,49 €",
    "precio_por_unidad": "(1,49 €/L)",
    "imagen": "https://www.dia.es/product_images/683/683_ISO_0_ES.jpg?imwidth=392"
  },
  {
    "categoria": "Agua",
    "nombre": "Agua mineral natural Font Vella pack 6 x 2 l",
    "precio_unitario": "6,24 €",
    "precio_por_unidad": "(0,52 €/L)",
    "imagen": "https://www.dia.es/product_images/66364P6/66364P6_ISO_0_ES.jpg?imwidth=392"
  },
  {
    "categoria": "Agua",
    "nombre": "Agua mineral natural Font Vella botella 2 l",
    "precio_unitario": "1,04 €",
    "precio_por_unidad": "(0,52 €/L)",
    "imagen": "https://www.dia.es/product_images/66364/66364_ISO_0_ES.jpg?imwidth=392"
  },
  {
    "categoria": "Agua",
    "nombre": "Agua mineral natural Solán de Cabras garrafa 5 l",
    "precio_unitario": "2,69 €",
    "precio_por_unidad": "(0,54 €/L)",
    "imagen": "https://www.dia.es/product_images/63295/63295_ISO_0_ES.jpg?imwidth=392"
  },
  {
    "categoria": "Agua",
    "nombre": "Agua mineral natural Aquarel botella 50 cl",
    "precio_unitario": "0,59 €",
    "precio_por_unidad": "(1,18 €/L)",
    "imagen": "https://www.dia.es/product_images/54486/54486_ISO_0_ES.jpg?imwidth=392"
  },
  {
    "categoria": "Agua",
    "nombre": "Agua mineral natural Aquabona botella 1.5 l",
    "precio_unitario": "0,65 €",
    "precio_por_unidad": "(0,43 €/L)",
    "imagen": "https://www.dia.es/product_images/53267/53267_ISO_0_ES.jpg?imwidth=392"
  },
  {
    "categoria": "Agua",
    "nombre": "Agua mineral natural Font Vella botella 50 cl",
    "precio_unitario": "0,66 €",
    "precio_por_unidad": "(1,32 €/L)",
    "imagen": "https://www.dia.es/product_images/47771/47771_ISO_0_ES.jpg?imwidth=392"
  },
  {
    "categoria": "Agua",
    "nombre": "Agua mineral natural Font Vella botella 33 cl",
    "precio_unitario": "0,45 €",
    "precio_por_unidad": "(1,36 €/L)",
    "imagen": "https://www.dia.es/product_images/47770/47770_ISO_0_ES.jpg?imwidth=392"
  },
  {
    "categoria": "Agua",
    "nombre": "Agua mineral con gas Fonter pack 6 x 1 l",
    "precio_unitario": "6,84 €",
    "precio_por_unidad": "(1,14 €/L)",
    "imagen": "https://www.dia.es/product_images/47769P6/47769P6_ISO_0_ES.jpg?imwidth=392"
  },
  {
    "categoria": "Agua",
    "nombre": "Agua mineral con gas Fonter botella 1 l",
    "precio_unitario": "1,14 €",
    "precio_por_unidad": "(1,14 €/L)",
    "imagen": "https://www.dia.es/product_images/47769/47769_ISO_0_ES.jpg?imwidth=392"
  },
  {
    "categoria": "Agua",
    "nombre": "Agua mineral natural Lanjarón botella 1.5 l",
    "precio_unitario": "0,67 €",
    "precio_por_unidad": "(0,45 €/L)",
    "imagen": "https://www.dia.es/product_images/47768/47768_ISO_0_ES.jpg?imwidth=392"
  },
  {
    "categoria": "Agua",
    "nombre": "Agua mineral natural Bezoya botella 1.5 l",
    "precio_unitario": "0,74 €",
    "precio_por_unidad": "(0,49 €/L)",
    "imagen": "https://www.dia.es/product_images/44302/44302_ISO_0_ES.jpg?imwidth=392"
  },
  {
    "categoria": "Agua",
    "nombre": "Agua mineral natural Aquarel botella 33 cl",
    "precio_unitario": "0,54 €",
    "precio_por_unidad": "(1,64 €/L)",
    "imagen": "https://www.dia.es/product_images/41117/41117_ISO_0_ES.jpg?imwidth=392"
  },
  {
    "categoria": "Agua",
    "nombre": "Agua mineral natural Aquarel garrafa 5 l",
    "precio_unitario": "1,75 €",
    "precio_por_unidad": "(0,35 €/L)",
    "imagen": "https://www.dia.es/product_images/40570/40570_ISO_0_ES.jpg?imwidth=392"
  },
  {
    "categoria": "Agua",
    "nombre": "Agua mineral natural Aquarel botella 1.5 l",
    "precio_unitario": "0,59 €",
    "precio_por_unidad": "(0,39 €/L)",
    "imagen": "https://www.dia.es/product_images/38301/38301_ISO_0_ES.jpg?imwidth=392"
  },
  {
    "categoria": "Agua",
    "nombre": "Agua con gas sabor limón Maison perrier botella 50 cl",
    "precio_unitario": "1,05 €",
    "precio_por_unidad": "(2,10 €/L)",
    "imagen": "https://www.dia.es/product_images/303100/303100_ISO_0_ES.jpg?imwidth=392"
  },
  {
    "categoria": "Agua",
    "nombre": "Agua mineral natural Monte pinos botella 1.5 l",
    "precio_unitario": "0,64 €",
    "precio_por_unidad": "(0,43 €/L)",
    "imagen": "https://www.dia.es/product_images/302664/302664_ISO_0_ES.jpg?imwidth=392"
  },
  {
    "categoria": "Agua",
    "nombre": "Agua mineral natural Fuente primavera botella 1 l",
    "precio_unitario": "0,49 €",
    "precio_por_unidad": "(0,49 €/L)",
    "imagen": "https://www.dia.es/product_images/297837/297837_ISO_0_ES.jpg?imwidth=392"
  },
  {
    "categoria": "Agua",
    "nombre": "Agua con gas San Pellegrino botella 50 cl",
    "precio_unitario": "1,09 €",
    "precio_por_unidad": "(2,18 €/L)",
    "imagen": "https://www.dia.es/product_images/292973/292973_ISO_0_ES.jpg?imwidth=392"
  },
  {
    "categoria": "Agua",
    "nombre": "Agua con gas Font Vella botella 50 cl",
    "precio_unitario": "0,94 €",
    "precio_por_unidad": "(1,88 €/L)",
    "imagen": "https://www.dia.es/product_images/273476/273476_ISO_0_ES.jpg?imwidth=392"
  },
  {
    "categoria": "Agua",
    "nombre": "Agua mineral natural alcalina ph9 Ursu9 pack 6 x 1.5 l",
    "precio_unitario": "4,74 €",
    "precio_por_unidad": "(0,53 €/L)",
    "imagen": "https://www.dia.es/product_images/263473P6/263473P6_ISO_0_ES.jpg?imwidth=392"
  },
  {
    "categoria": "Agua",
    "nombre": "Agua mineral natural alcalina ph9 Ursu9 botella 1.5 l",
    "precio_unitario": "0,79 €",
    "precio_por_unidad": "(0,53 €/L)",
    "imagen": "https://www.dia.es/product_images/263473/263473_ISO_0_ES.jpg?imwidth=392"
  },
  {
    "categoria": "Agua",
    "nombre": "Agua mineral natural Aquarel botella 75 cl",
    "precio_unitario": "0,75 €",
    "precio_por_unidad": "(1,00 €/L)",
    "imagen": "https://www.dia.es/product_images/258807/258807_ISO_0_ES.jpg?imwidth=392"
  },
  {
    "categoria": "Agua",
    "nombre": "Agua mineral con gas Perrier botella 50 cl",
    "precio_unitario": "1,15 €",
    "precio_por_unidad": "(2,30 €/L)",
    "imagen": "https://www.dia.es/product_images/247772/247772_ISO_0_ES.jpg?imwidth=392"
  },
  {
    "categoria": "Agua",
    "nombre": "Agua mineral natural Font Vella botella 75 cl",
    "precio_unitario": "0,94 €",
    "precio_por_unidad": "(1,25 €/L)",
    "imagen": "https://www.dia.es/product_images/244152/244152_ISO_0_ES.jpg?imwidth=392"
  },
  {
    "categoria": "Agua",
    "nombre": "Agua mineral natural Font Vella botella 33 cl",
    "precio_unitario": "0,76 €",
    "precio_por_unidad": "(2,30 €/L)",
    "imagen": "https://www.dia.es/product_images/241746/241746_ISO_0_ES.jpg?imwidth=392"
  },
  {
    "categoria": "Agua",
    "nombre": "Agua con gas Solán de Cabras botella 33 cl",
    "precio_unitario": "1,25 €",
    "precio_por_unidad": "(3,79 €/L)",
    "imagen": "https://www.dia.es/product_images/184169/184169_ISO_0_ES.jpg?imwidth=392"
  },
  {
    "categoria": "Agua",
    "nombre": "Agua mineral natural Aquabona botella 500 ml",
    "precio_unitario": "0,59 €",
    "precio_por_unidad": "(1,18 €/L)",
    "imagen": "https://www.dia.es/product_images/158425/158425_ISO_0_ES.jpg?imwidth=392"
  },
  {
    "categoria": "Agua",
    "nombre": "Agua mineral con gas San Pellegrino pack 6 x 1 l",
    "precio_unitario": "8,16 €",
    "precio_por_unidad": "(1,36 €/L)",
    "imagen": "https://www.dia.es/product_images/146199P6/146199P6_ISO_0_ES.jpg?imwidth=392"
  },
  {
    "categoria": "Agua",
    "nombre": "Agua mineral con gas San Pellegrino botella 1 l",
    "precio_unitario": "1,36 €",
    "precio_por_unidad": "(1,36 €/L)",
    "imagen": "https://www.dia.es/product_images/146199/146199_ISO_0_ES.jpg?imwidth=392"
  },
  {
    "categoria": "Agua",
    "nombre": "Agua mineral natural Font Vella botella 1 l",
    "precio_unitario": "0,79 €",
    "precio_por_unidad": "(0,79 €/L)",
    "imagen": "https://www.dia.es/product_images/114231/114231_ISO_0_ES.jpg?imwidth=392"
  },
  {
    "categoria": "Cola",
    "nombre": "Refresco de cola sabor original Coca-Cola botella 2 x 2 l",
    "precio_unitario": "3,90 €",
    "precio_por_unidad": "(0,98 €/L)",
    "imagen": "https://www.dia.es/product_images/38406/38406_ISO_0_ES.jpg?imwidth=392"
  },
  {
    "categoria": "Cola",
    "nombre": "Refresco de cola zero Hola Cola de Dia lata 12 x 33 cl",
    "precio_unitario": "3,84 €",
    "precio_por_unidad": "(0,97 €/L)",
    "imagen": "https://www.dia.es/product_images/107157P12/107157P12_ISO_0_ES.jpg?imwidth=392"
  },
  {
    "categoria": "Cola",
    "nombre": "Refresco de cola zero Hola Cola de Dia botella 4 x 2 l",
    "precio_unitario": "2,80 €",
    "precio_por_unidad": "(0,35 €/L)",
    "imagen": "https://www.dia.es/product_images/130617P4/130617P4_ISO_0_ES.jpg?imwidth=392"
  },
  {
    "categoria": "Cola",
    "nombre": "Refresco de cola sabor original Coca-Cola lata 33 cl",
    "precio_unitario": "0,89 €",
    "precio_por_unidad": "(2,70 €/L)",
    "imagen": "https://www.dia.es/product_images/660/660_ISO_0_ES.jpg?imwidth=392"
  },
  {
    "categoria": "Cola",
    "nombre": "Refresco de cola zero azúcar Coca-Cola botella 2 x 2 l",
    "precio_unitario": "3,90 €",
    "precio_por_unidad": "(0,98 €/L)",
    "imagen": "https://www.dia.es/product_images/82492/82492_ISO_0_ES.jpg?imwidth=392"
  },
  {
    "categoria": "Cola",
    "nombre": "Refresco de cola zero azúcar Coca-Cola lata 33 cl",
    "precio_unitario": "0,89 €",
    "precio_por_unidad": "(2,70 €/L)",
    "imagen": "https://www.dia.es/product_images/28235/28235_ISO_0_ES.jpg?imwidth=392"
  },
  {
    "categoria": "Cola",
    "nombre": "Refresco de cola Hola Cola de Dia botella 4 x 2 l",
    "precio_unitario": "3,20 €",
    "precio_por_unidad": "(0,40 €/L)",
    "imagen": "https://www.dia.es/product_images/10065P4/10065P4_ISO_0_ES.jpg?imwidth=392"
  },
  {
    "categoria": "Cola",
    "nombre": "Refresco de cola zero azúcar zero cafeína Coca-Cola lata 33 cl",
    "precio_unitario": "0,89 €",
    "precio_por_unidad": "(2,70 €/L)",
    "imagen": "https://www.dia.es/product_images/126847/126847_ISO_0_ES.jpg?imwidth=392"
  },
  {
    "categoria": "Cola",
    "nombre": "Refresco de cola sabor original Coca-Cola lata 12 x 33 cl",
    "precio_unitario": "10,44 €",
    "precio_por_unidad": "(2,64 €/L)",
    "imagen": "https://www.dia.es/product_images/30319/30319_ISO_0_ES.jpg?imwidth=392"
  },
  {
    "categoria": "Cola",
    "nombre": "Refresco de cola zero azúcar Coca-Cola lata 12 x 33 cl",
    "precio_unitario": "10,44 €",
    "precio_por_unidad": "(2,64 €/L)",
    "imagen": "https://www.dia.es/product_images/79802/79802_ISO_0_ES.jpg?imwidth=392"
  },
  {
    "categoria": "Cola",
    "nombre": "Refresco de cola Hola Cola de Dia lata 12 x 33 cl",
    "precio_unitario": "4,08 €",
    "precio_por_unidad": "(1,03 €/L)",
    "imagen": "https://www.dia.es/product_images/5392P12/5392P12_ISO_0_ES.jpg?imwidth=392"
  },
  {
    "categoria": "Cola",
    "nombre": "Refresco de cola Hola Cola de Dia botella 2 l",
    "precio_unitario": "0,80 €",
    "precio_por_unidad": "(0,40 €/L)",
    "imagen": "https://www.dia.es/product_images/10065/10065_ISO_0_ES.jpg?imwidth=392"
  },
  {
    "categoria": "Cola",
    "nombre": "Refresco de cola zero sin cafeína Hola Cola de Dia lata 6 x 33 cl",
    "precio_unitario": "1,92 €",
    "precio_por_unidad": "(0,97 €/L)",
    "imagen": "https://www.dia.es/product_images/222479P6/222479P6_ISO_0_ES.jpg?imwidth=392"
  },
  {
    "categoria": "Cola",
    "nombre": "Refresco de cola zero sin cafeína Hola Cola de Dia botella 4 x 2 l",
    "precio_unitario": "2,80 €",
    "precio_por_unidad": "(0,35 €/L)",
    "imagen": "https://www.dia.es/product_images/222480P4/222480P4_ISO_0_ES.jpg?imwidth=392"
  },
  {
    "categoria": "Cola",
    "nombre": "Refresco de cola sabor original Coca-Cola botella 2 l",
    "precio_unitario": "1,99 €",
    "precio_por_unidad": "(1,00 €/L)",
    "imagen": "https://www.dia.es/product_images/659/659_ISO_0_ES.jpg?imwidth=392"
  },
  {
    "categoria": "Cola",
    "nombre": "Refresco de cola zero azúcar zero cafeína Coca-Cola botella 2 x 2 l",
    "precio_unitario": "3,90 €",
    "precio_por_unidad": "(0,98 €/L)",
    "imagen": "https://www.dia.es/product_images/250113/250113_ISO_0_ES.jpg?imwidth=392"
  },
  {
    "categoria": "Cola",
    "nombre": "Refresco de cola zero Hola Cola de Dia lata 33 cl",
    "precio_unitario": "0,32 €",
    "precio_por_unidad": "(0,97 €/L)",
    "imagen": "https://www.dia.es/product_images/107157/107157_ISO_0_ES.jpg?imwidth=392"
  },
  {
    "categoria": "Cola",
    "nombre": "Refresco de cola zero azúcar Coca-Cola botella 2 l",
    "precio_unitario": "1,99 €",
    "precio_por_unidad": "(1,00 €/L)",
    "imagen": "https://www.dia.es/product_images/28236/28236_ISO_0_ES.jpg?imwidth=392"
  },
  {
    "categoria": "Cola",
    "nombre": "Refresco de cola zero Hola Cola de Dia botella 2 l",
    "precio_unitario": "0,70 €",
    "precio_por_unidad": "(0,35 €/L)",
    "imagen": "https://www.dia.es/product_images/130617/130617_ISO_0_ES.jpg?imwidth=392"
  },
  {
    "categoria": "Cola",
    "nombre": "Refresco de cola Hola Cola de Dia lata 33 cl",
    "precio_unitario": "0,34 €",
    "precio_por_unidad": "(1,03 €/L)",
    "imagen": "https://www.dia.es/product_images/5392/5392_ISO_0_ES.jpg?imwidth=392"
  },
  {
    "categoria": "Cola",
    "nombre": "Refresco de cola zero azúcar Coca-Cola botella 500 ml",
    "precio_unitario": "1,45 €",
    "precio_por_unidad": "(2,90 €/L)",
    "imagen": "https://www.dia.es/product_images/83180/83180_ISO_0_ES.jpg?imwidth=392"
  },
  {
    "categoria": "Cola",
    "nombre": "Refresco de cola zero azúcar Coca-Cola botella 1.25 l",
    "precio_unitario": "1,49 €",
    "precio_por_unidad": "(1,19 €/L)",
    "imagen": "https://www.dia.es/product_images/81844/81844_ISO_0_ES.jpg?imwidth=392"
  },
  {
    "categoria": "Cola",
    "nombre": "Refresco de cola clásica Pepsi botella 1.75 l",
    "precio_unitario": "1,69 €",
    "precio_por_unidad": "(0,97 €/L)",
    "imagen": "https://www.dia.es/product_images/7659/7659_ISO_0_ES.jpg?imwidth=392"
  },
  {
    "categoria": "Cola",
    "nombre": "Refresco de cola clásica Pepsi lata 33 cl",
    "precio_unitario": "0,79 €",
    "precio_por_unidad": "(2,39 €/L)",
    "imagen": "https://www.dia.es/product_images/7658/7658_ISO_0_ES.jpg?imwidth=392"
  },
  {
    "categoria": "Cola",
    "nombre": "Refresco de cola sabor original Coca-Cola botella 1.25 l",
    "precio_unitario": "1,49 €",
    "precio_por_unidad": "(1,19 €/L)",
    "imagen": "https://www.dia.es/product_images/7492/7492_ISO_0_ES.jpg?imwidth=392"
  },
  {
    "categoria": "Cola",
    "nombre": "Refresco de cola sin cafeína Coca-Cola lata 33 cl",
    "precio_unitario": "0,89 €",
    "precio_por_unidad": "(2,70 €/L)",
    "imagen": "https://www.dia.es/product_images/697/697_ISO_0_ES.jpg?imwidth=392"
  },
  {
    "categoria": "Cola",
    "nombre": "Refresco de cola light Coca-Cola lata 33 cl",
    "precio_unitario": "0,89 €",
    "precio_por_unidad": "(2,70 €/L)",
    "imagen": "https://www.dia.es/product_images/696/696_ISO_0_ES.jpg?imwidth=392"
  },
  {
    "categoria": "Cola",
    "nombre": "Refresco de cola clásica Pepsi botella 2 x 1.75 l",
    "precio_unitario": "3,29 €",
    "precio_por_unidad": "(0,94 €/L)",
    "imagen": "https://www.dia.es/product_images/61876/61876_ISO_0_ES.jpg?imwidth=392"
  },
  {
    "categoria": "Cola",
    "nombre": "Refresco de cola zero azúcar Pepsi lata 33 cl",
    "precio_unitario": "0,79 €",
    "precio_por_unidad": "(2,39 €/L)",
    "imagen": "https://www.dia.es/product_images/5168/5168_ISO_0_ES.jpg?imwidth=392"
  },
  {
    "categoria": "Cola",
    "nombre": "Refresco de cola zero azúcar Pepsi botella 1.75 l",
    "precio_unitario": "1,69 €",
    "precio_por_unidad": "(0,97 €/L)",
    "imagen": "https://www.dia.es/product_images/5167/5167_ISO_0_ES.jpg?imwidth=392"
  },
  {
    "categoria": "Cola",
    "nombre": "Refresco zero azúcar sabor lima Pepsi lata 33 cl",
    "precio_unitario": "0,79 €",
    "precio_por_unidad": "(2,39 €/L)",
    "imagen": "https://www.dia.es/product_images/283126/283126_ISO_0_ES.jpg?imwidth=392"
  },
  {
    "categoria": "Cola",
    "nombre": "Refresco de cola zero azúcar Coca-Cola botella 2 x 1.25 l",
    "precio_unitario": "2,90 €",
    "precio_por_unidad": "(1,16 €/L)",
    "imagen": "https://www.dia.es/product_images/280018/280018_ISO_0_ES.jpg?imwidth=392"
  },
  {
    "categoria": "Cola",
    "nombre": "Refresco de cola zero azúcar zero cafeína Coca-Cola botella 1.25 l",
    "precio_unitario": "1,49 €",
    "precio_por_unidad": "(1,19 €/L)",
    "imagen": "https://www.dia.es/product_images/276989/276989_ISO_0_ES.jpg?imwidth=392"
  },
  {
    "categoria": "Cola",
    "nombre": "Refresco de cola zero azúcar Green cola lata 33 cl",
    "precio_unitario": "0,89 €",
    "precio_por_unidad": "(2,70 €/L)",
    "imagen": "https://www.dia.es/product_images/273117/273117_ISO_0_ES.jpg?imwidth=392"
  },
  {
    "categoria": "Cola",
    "nombre": "Refresco de cola zero azúcar Pepsi botella 1 l",
    "precio_unitario": "1,00 €",
    "precio_por_unidad": "(1,00 €/L)",
    "imagen": "https://www.dia.es/product_images/272913/272913_ISO_0_ES.jpg?imwidth=392"
  },
  {
    "categoria": "Cola",
    "nombre": "Refresco de cola zero azúcar zero cafeína Pepsi lata 33 cl",
    "precio_unitario": "0,79 €",
    "precio_por_unidad": "(2,39 €/L)",
    "imagen": "https://www.dia.es/product_images/272911/272911_ISO_0_ES.jpg?imwidth=392"
  },
  {
    "categoria": "Cola",
    "nombre": "Refresco de cola clásica Pepsi botella 1 l",
    "precio_unitario": "1,00 €",
    "precio_por_unidad": "(1,00 €/L)",
    "imagen": "https://www.dia.es/product_images/272820/272820_ISO_0_ES.jpg?imwidth=392"
  },
  {
    "categoria": "Cola",
    "nombre": "Refresco de cola zero azúcar Coca-Cola lata 6 x 200 ml",
    "precio_unitario": "3,99 €",
    "precio_por_unidad": "(3,33 €/L)",
    "imagen": "https://www.dia.es/product_images/268555/268555_ISO_0_ES.jpg?imwidth=392"
  },
  {
    "categoria": "Cola",
    "nombre": "Refresco de cola zero azúcar zero cafeína Coca-Cola lata 12 x 33 cl",
    "precio_unitario": "10,44 €",
    "precio_por_unidad": "(2,64 €/L)",
    "imagen": "https://www.dia.es/product_images/250112/250112_ISO_0_ES.jpg?imwidth=392"
  },
  {
    "categoria": "Cola",
    "nombre": "Refresco de cola sabor original Coca-Cola lata 6 x 200 ml",
    "precio_unitario": "4,49 €",
    "precio_por_unidad": "(3,74 €/L)",
    "imagen": "https://www.dia.es/product_images/250047/250047_ISO_0_ES.jpg?imwidth=392"
  },
  {
    "categoria": "Cola",
    "nombre": "Refresco de cola zero azúcar zero cafeína Coca-Cola botella 500 ml",
    "precio_unitario": "1,45 €",
    "precio_por_unidad": "(2,90 €/L)",
    "imagen": "https://www.dia.es/product_images/242648/242648_ISO_0_ES.jpg?imwidth=392"
  },
  {
    "categoria": "Cola",
    "nombre": "Refresco de cola zero sin cafeína Hola Cola de Dia botella 2 l",
    "precio_unitario": "0,70 €",
    "precio_por_unidad": "(0,35 €/L)",
    "imagen": "https://www.dia.es/product_images/222480/222480_ISO_0_ES.jpg?imwidth=392"
  },
  {
    "categoria": "Cola",
    "nombre": "Refresco de cola zero sin cafeína Hola Cola de Dia lata 33 cl",
    "precio_unitario": "0,32 €",
    "precio_por_unidad": "(0,97 €/L)",
    "imagen": "https://www.dia.es/product_images/222479/222479_ISO_0_ES.jpg?imwidth=392"
  },
  {
    "categoria": "Cola",
    "nombre": "Refresco de cola zero azúcar Pepsi botella 2 x 1.75 l",
    "precio_unitario": "3,29 €",
    "precio_por_unidad": "(0,94 €/L)",
    "imagen": "https://www.dia.es/product_images/214844/214844_ISO_0_ES.jpg?imwidth=392"
  },
  {
    "categoria": "Cola",
    "nombre": "Refresco de cola light Pepsi botella 1.75 l",
    "precio_unitario": "1,69 €",
    "precio_por_unidad": "(0,97 €/L)",
    "imagen": "https://www.dia.es/product_images/21308/21308_ISO_0_ES.jpg?imwidth=392"
  },
  {
    "categoria": "Cola",
    "nombre": "Refresco de cola light sin cafeína Coca-Cola lata 33 cl",
    "precio_unitario": "0,89 €",
    "precio_por_unidad": "(2,70 €/L)",
    "imagen": "https://www.dia.es/product_images/20846/20846_ISO_0_ES.jpg?imwidth=392"
  },
  {
    "categoria": "Cola",
    "nombre": "Refresco de cola zero Hola Cola de Dia botella 6 x 50 cl",
    "precio_unitario": "3,30 €",
    "precio_por_unidad": "(1,10 €/L)",
    "imagen": "https://www.dia.es/product_images/203768P6/203768P6_ISO_0_ES.jpg?imwidth=392"
  },
  {
    "categoria": "Cola",
    "nombre": "Refresco de cola zero Hola Cola de Dia botella 500 ml",
    "precio_unitario": "0,55 €",
    "precio_por_unidad": "(1,10 €/L)",
    "imagen": "https://www.dia.es/product_images/203768/203768_ISO_0_ES.jpg?imwidth=392"
  },
  {
    "categoria": "Cola",
    "nombre": "Refresco de cola Hola Cola de Dia botella 50 cl",
    "precio_unitario": "0,58 €",
    "precio_por_unidad": "(1,16 €/L)",
    "imagen": "https://www.dia.es/product_images/203767/203767_ISO_0_ES.jpg?imwidth=392"
  },
  {
    "categoria": "Cola",
    "nombre": "Refresco de cola sin cafeína Coca-Cola botella 2 l",
    "precio_unitario": "1,99 €",
    "precio_por_unidad": "(1,00 €/L)",
    "imagen": "https://www.dia.es/product_images/1798/1798_ISO_0_ES.jpg?imwidth=392"
  },
  {
    "categoria": "Cola",
    "nombre": "Refresco de cola light Coca-Cola botella 2 l",
    "precio_unitario": "1,99 €",
    "precio_por_unidad": "(1,00 €/L)",
    "imagen": "https://www.dia.es/product_images/1797/1797_ISO_0_ES.jpg?imwidth=392"
  },
  {
    "categoria": "Cola",
    "nombre": "Refresco de cola light Coca-Cola botella 1.25 l",
    "precio_unitario": "1,49 €",
    "precio_por_unidad": "(1,19 €/L)",
    "imagen": "https://www.dia.es/product_images/17736/17736_ISO_0_ES.jpg?imwidth=392"
  },
  {
    "categoria": "Cola",
    "nombre": "Refresco de cola sabor original Coca-Cola botella 500 ml",
    "precio_unitario": "1,45 €",
    "precio_por_unidad": "(2,90 €/L)",
    "imagen": "https://www.dia.es/product_images/15524/15524_ISO_0_ES.jpg?imwidth=392"
  },
  {
    "categoria": "Cola",
    "nombre": "Refresco de cola zero azúcar zero cafeína Coca-Cola botella 2 l",
    "precio_unitario": "1,99 €",
    "precio_por_unidad": "(1,00 €/L)",
    "imagen": "https://www.dia.es/product_images/124639/124639_ISO_0_ES.jpg?imwidth=392"
  },
  {
    "categoria": "Limón, lima limón",
    "nombre": "Refresco de limón Fanta botella 2 l",
    "precio_unitario": "1,79 €",
    "precio_por_unidad": "(0,90 €/L)",
    "imagen": "https://www.dia.es/product_images/684/684_ISO_0_ES.jpg?imwidth=392"
  },
  {
    "categoria": "Limón, lima limón",
    "nombre": "Refresco de limón zero azúcares Fanta botella 2 l",
    "precio_unitario": "1,79 €",
    "precio_por_unidad": "(0,90 €/L)",
    "imagen": "https://www.dia.es/product_images/103131/103131_ISO_0_ES.jpg?imwidth=392"
  },
  {
    "categoria": "Limón, lima limón",
    "nombre": "Refresco de limón 6% zumo con gas zero Upss Dia botella 1.5 l",
    "precio_unitario": "0,75 €",
    "precio_por_unidad": "(0,50 €/L)",
    "imagen": "https://www.dia.es/product_images/300608/300608_ISO_0_ES.jpg?imwidth=392"
  },
  {
    "categoria": "Limón, lima limón",
    "nombre": "Refresco de limón 6% zumo con gas Upss Dia botella 1.5 l",
    "precio_unitario": "0,79 €",
    "precio_por_unidad": "(0,53 €/L)",
    "imagen": "https://www.dia.es/product_images/300607/300607_ISO_0_ES.jpg?imwidth=392"
  },
  {
    "categoria": "Limón, lima limón",
    "nombre": "Refresco de lima limón zero Upss Dia botella 1.5 l",
    "precio_unitario": "0,82 €",
    "precio_por_unidad": "(0,55 €/L)",
    "imagen": "https://www.dia.es/product_images/300609/300609_ISO_0_ES.jpg?imwidth=392"
  },
  {
    "categoria": "Limón, lima limón",
    "nombre": "Refresco de limón zero Upss Dia lata 33 cl",
    "precio_unitario": "0,35 €",
    "precio_por_unidad": "(1,06 €/L)",
    "imagen": "https://www.dia.es/product_images/300610/300610_ISO_0_ES.jpg?imwidth=392"
  },
  {
    "categoria": "Limón, lima limón",
    "nombre": "Refresco de limón sin gas Upss Dia botella 1.5 l",
    "precio_unitario": "1,05 €",
    "precio_por_unidad": "(0,70 €/L)",
    "imagen": "https://www.dia.es/product_images/35487/35487_ISO_0_ES.jpg?imwidth=392"
  },
  {
    "categoria": "Limón, lima limón",
    "nombre": "Refresco de limón Fanta lata 33 cl",
    "precio_unitario": "0,75 €",
    "precio_por_unidad": "(2,27 €/L)",
    "imagen": "https://www.dia.es/product_images/686/686_ISO_0_ES.jpg?imwidth=392"
  },
  {
    "categoria": "Limón, lima limón",
    "nombre": "Refresco de lima-limón zero azúcares Seven up lata 33 cl",
    "precio_unitario": "0,59 €",
    "precio_por_unidad": "(1,79 €/L)",
    "imagen": "https://www.dia.es/product_images/1172/1172_ISO_0_ES.jpg?imwidth=392"
  },
  {
    "categoria": "Limón, lima limón",
    "nombre": "Refresco de lima-limón Sprite lata 33 cl",
    "precio_unitario": "0,59 €",
    "precio_por_unidad": "(1,79 €/L)",
    "imagen": "https://www.dia.es/product_images/178275/178275_ISO_0_ES.jpg?imwidth=392"
  },
  {
    "categoria": "Limón, lima limón",
    "nombre": "Refresco de lima-limón Sprite botella 2 l",
    "precio_unitario": "1,59 €",
    "precio_por_unidad": "(0,80 €/L)",
    "imagen": "https://www.dia.es/product_images/112325/112325_ISO_0_ES.jpg?imwidth=392"
  },
  {
    "categoria": "Limón, lima limón",
    "nombre": "Refresco de limón zero azúcares Fanta lata 33 cl",
    "precio_unitario": "0,75 €",
    "precio_por_unidad": "(2,27 €/L)",
    "imagen": "https://www.dia.es/product_images/13185/13185_ISO_0_ES.jpg?imwidth=392"
  },
  {
    "categoria": "Limón, lima limón",
    "nombre": "Refresco de limón Schweppes lata 33 cl",
    "precio_unitario": "0,95 €",
    "precio_por_unidad": "(2,88 €/L)",
    "imagen": "https://www.dia.es/product_images/22093/22093_ISO_0_ES.jpg?imwidth=392"
  },
  {
    "categoria": "Limón, lima limón",
    "nombre": "Refresco en polvo sabor limón Tang bolsa 30 g",
    "precio_unitario": "0,83 €",
    "precio_por_unidad": "(27,67 €/kg)",
    "imagen": "https://www.dia.es/product_images/10585/10585_ISO_0_ES.jpg?imwidth=392"
  },
  {
    "categoria": "Limón, lima limón",
    "nombre": "Refresco de limón zero Schweppes lata 33 cl",
    "precio_unitario": "0,95 €",
    "precio_por_unidad": "(2,88 €/L)",
    "imagen": "https://www.dia.es/product_images/284287/284287_ISO_0_ES.jpg?imwidth=392"
  },
  {
    "categoria": "Otras bebidas",
    "nombre": "Refresco sin gas de manzana Upss Dia botella 1.5 l",
    "precio_unitario": "1,05 €",
    "precio_por_unidad": "(0,70 €/L)",
    "imagen": "https://www.dia.es/product_images/16288/16288_ISO_0_ES.jpg?imwidth=392"
  },
  {
    "categoria": "Otras bebidas",
    "nombre": "Bitter Bobby Bitter de Dia lata 25 cl",
    "precio_unitario": "0,55 €",
    "precio_por_unidad": "(2,20 €/L)",
    "imagen": "https://www.dia.es/product_images/110097/110097_ISO_0_ES.jpg?imwidth=392"
  },
  {
    "categoria": "Otras bebidas",
    "nombre": "Refresco sin gas de naranja y zanahoria Upss Dia botella 1.5 l",
    "precio_unitario": "1,09 €",
    "precio_por_unidad": "(0,73 €/L)",
    "imagen": "https://www.dia.es/product_images/43582/43582_ISO_0_ES.jpg?imwidth=392"
  },
  {
    "categoria": "Otras bebidas",
    "nombre": "Refresco de limón sin gas Upss Dia botella 1.5 l",
    "precio_unitario": "1,05 €",
    "precio_por_unidad": "(0,70 €/L)",
    "imagen": "https://www.dia.es/product_images/35487/35487_ISO_0_ES.jpg?imwidth=392"
  },
  {
    "categoria": "Otras bebidas",
    "nombre": "Refresco de naranja sin gas Upss Dia botella 1.5 l",
    "precio_unitario": "1,05 €",
    "precio_por_unidad": "(0,70 €/L)",
    "imagen": "https://www.dia.es/product_images/35488/35488_ISO_0_ES.jpg?imwidth=392"
  },
  {
    "categoria": "Otras bebidas",
    "nombre": "Refresco de sandía zero azúcares Fanta lata 33 cl",
    "precio_unitario": "0,75 €",
    "precio_por_unidad": "(2,27 €/L)",
    "imagen": "https://www.dia.es/product_images/283112/283112_ISO_0_ES.jpg?imwidth=392"
  },
  {
    "categoria": "Otras bebidas",
    "nombre": "Refresco en polvo sabor tropical Tang bolsa 30 g",
    "precio_unitario": "0,83 €",
    "precio_por_unidad": "(27,67 €/kg)",
    "imagen": "https://www.dia.es/product_images/65254/65254_ISO_0_ES.jpg?imwidth=392"
  },
  {
    "categoria": "Otras bebidas",
    "nombre": "Refresco de fresa Tang bolsa 30 g",
    "precio_unitario": "0,83 €",
    "precio_por_unidad": "(27,67 €/kg)",
    "imagen": "https://www.dia.es/product_images/85248/85248_ISO_0_ES.jpg?imwidth=392"
  },
  {
    "categoria": "Otras bebidas",
    "nombre": "Pajitas comestibles sabor fresa Sorbos caja 170 g",
    "precio_unitario": "2,75 €",
    "precio_por_unidad": "(16,18 €/kg)",
    "imagen": "https://www.dia.es/product_images/291492/291492_ISO_0_ES.jpg?imwidth=392"
  },
  {
    "categoria": "Otras bebidas",
    "nombre": "Bitter Kas lata 33 cl",
    "precio_unitario": "0,99 €",
    "precio_por_unidad": "(3,00 €/L)",
    "imagen": "https://www.dia.es/product_images/60725/60725_ISO_0_ES.jpg?imwidth=392"
  },
  {
    "categoria": "Otras bebidas",
    "nombre": "Refresco en polvo sabor naranja Tang bolsa 30 g",
    "precio_unitario": "0,83 €",
    "precio_por_unidad": "(27,67 €/kg)",
    "imagen": "https://www.dia.es/product_images/65305/65305_ISO_0_ES.jpg?imwidth=392"
  },
  {
    "categoria": "Otras bebidas",
    "nombre": "Refresco en polvo sabor limón Tang bolsa 30 g",
    "precio_unitario": "0,83 €",
    "precio_por_unidad": "(27,67 €/kg)",
    "imagen": "https://www.dia.es/product_images/10585/10585_ISO_0_ES.jpg?imwidth=392"
  },
  {
    "categoria": "Otras bebidas",
    "nombre": "Refresco de zumo de fruta mix zero sin gas San Benedetto botella 40 cl",
    "precio_unitario": "0,99 €",
    "precio_por_unidad": "(2,48 €/L)",
    "imagen": "https://www.dia.es/product_images/263611/263611_ISO_0_ES.jpg?imwidth=392"
  },
  {
    "categoria": "Otras bebidas",
    "nombre": "Refresco tropical sin gas Enjoy botella 1.5 l",
    "precio_unitario": "1,19 €",
    "precio_por_unidad": "(0,79 €/L)",
    "imagen": "https://www.dia.es/product_images/263608/263608_ISO_0_ES.jpg?imwidth=392"
  },
  {
    "categoria": "Otras bebidas",
    "nombre": "Refresco sin gas de fresa Upss Dia botella 500 ml",
    "precio_unitario": "0,69 €",
    "precio_por_unidad": "(1,38 €/L)",
    "imagen": "https://www.dia.es/product_images/300611/300611_ISO_0_ES.jpg?imwidth=392"
  },
  {
    "categoria": "Otras bebidas",
    "nombre": "Bebida de kombucha con mango Komvida botella 250 ml",
    "precio_unitario": "2,59 €",
    "precio_por_unidad": "(10,36 €/L)",
    "imagen": "https://www.dia.es/product_images/303600/303600_ISO_0_ES.jpg?imwidth=392"
  },
  {
    "categoria": "Otras bebidas",
    "nombre": "Bebida de kombucha con jengibre y limón Komvida botella 250 ml",
    "precio_unitario": "2,59 €",
    "precio_por_unidad": "(10,36 €/L)",
    "imagen": "https://www.dia.es/product_images/277589/277589_ISO_0_ES.jpg?imwidth=392"
  },
  {
    "categoria": "Otras bebidas",
    "nombre": "Bebida de kombucha con frutos rojos Komvida botella 250 ml",
    "precio_unitario": "2,59 €",
    "precio_por_unidad": "(10,36 €/L)",
    "imagen": "https://www.dia.es/product_images/277590/277590_ISO_0_ES.jpg?imwidth=392"
  },
  {
    "categoria": "Otras bebidas",
    "nombre": "Refresco de naranja sin gas Upss Dia lata 33 cl",
    "precio_unitario": "0,49 €",
    "precio_por_unidad": "(1,48 €/L)",
    "imagen": "https://www.dia.es/product_images/43868/43868_ISO_0_ES.jpg?imwidth=392"
  },
  {
    "categoria": "Otras bebidas",
    "nombre": "Agua mineral con frutos rojos zero San Benedetto botella 40 cl",
    "precio_unitario": "0,99 €",
    "precio_por_unidad": "(2,48 €/L)",
    "imagen": "https://www.dia.es/product_images/280278/280278_ISO_0_ES.jpg?imwidth=392"
  },
  {
    "categoria": "Otras bebidas",
    "nombre": "Bebida de kombucha con frutos rojos Upss Dia botella 250 ml",
    "precio_unitario": "1,79 €",
    "precio_por_unidad": "(7,16 €/L)",
    "imagen": "https://www.dia.es/product_images/303641/303641_ISO_0_ES.jpg?imwidth=392"
  },
  {
    "categoria": "Otras bebidas",
    "nombre": "Bebida de kombucha con limón y jengibre Upss Dia botella 250 ml",
    "precio_unitario": "1,79 €",
    "precio_por_unidad": "(7,16 €/L)",
    "imagen": "https://www.dia.es/product_images/303640/303640_ISO_0_ES.jpg?imwidth=392"
  },
  {
    "categoria": "Otras bebidas",
    "nombre": "Pajitas comestibles sabor lima Sorbos caja 170 g",
    "precio_unitario": "2,75 €",
    "precio_por_unidad": "(16,18 €/kg)",
    "imagen": "https://www.dia.es/product_images/291493/291493_ISO_0_ES.jpg?imwidth=392"
  },
  {
    "categoria": "Otras bebidas",
    "nombre": "Refresco de limón zero Schweppes lata 33 cl",
    "precio_unitario": "0,95 €",
    "precio_por_unidad": "(2,88 €/L)",
    "imagen": "https://www.dia.es/product_images/284287/284287_ISO_0_ES.jpg?imwidth=392"
  },
  {
    "categoria": "Otras bebidas",
    "nombre": "Agua de coco Vita coco brik 330 ml",
    "precio_unitario": "1,89 €",
    "precio_por_unidad": "(5,73 €/L)",
    "imagen": "https://www.dia.es/product_images/281105/281105_ISO_0_ES.jpg?imwidth=392"
  },
  {
    "categoria": "Otras bebidas",
    "nombre": "Bebida multifrutas Surprise drinks botella 300 ml",
    "precio_unitario": "1,35 €",
    "precio_por_unidad": "(4,50 €/L)",
    "imagen": "https://www.dia.es/product_images/268231/268231_ISO_0_ES.jpg?imwidth=392"
  },
  {
    "categoria": "Otras bebidas",
    "nombre": "Ginger ale Schweppes lata 33 cl",
    "precio_unitario": "0,99 €",
    "precio_por_unidad": "(3,00 €/L)",
    "imagen": "https://www.dia.es/product_images/241284/241284_ISO_0_ES.jpg?imwidth=392"
  },
  {
    "categoria": "Tés fríos, cafés frios",
    "nombre": "Refresco de té al limón Upss Dia botella 1.5 l",
    "precio_unitario": "0,95 €",
    "precio_por_unidad": "(0,63 €/L)",
    "imagen": "https://www.dia.es/product_images/50571/50571_ISO_0_ES.jpg?imwidth=392"
  },
  {
    "categoria": "Tés fríos, cafés frios",
    "nombre": "Refresco de té al limón zero Upss Dia botella 1.5 l",
    "precio_unitario": "0,95 €",
    "precio_por_unidad": "(0,63 €/L)",
    "imagen": "https://www.dia.es/product_images/50572/50572_ISO_0_ES.jpg?imwidth=392"
  },
  {
    "categoria": "Tés fríos, cafés frios",
    "nombre": "Refresco de té al melocotón zero Upss Dia Dia botella 1.5 l",
    "precio_unitario": "0,95 €",
    "precio_por_unidad": "(0,63 €/L)",
    "imagen": "https://www.dia.es/product_images/50570/50570_ISO_0_ES.jpg?imwidth=392"
  },
  {
    "categoria": "Tés fríos, cafés frios",
    "nombre": "Refresco de té al limón Upss Dia lata 33 cl",
    "precio_unitario": "0,50 €",
    "precio_por_unidad": "(1,52 €/L)",
    "imagen": "https://www.dia.es/product_images/68685/68685_ISO_0_ES.jpg?imwidth=392"
  },
  {
    "categoria": "Tés fríos, cafés frios",
    "nombre": "Refresco de té al limón Nestea botella 1.5 l",
    "precio_unitario": "1,99 €",
    "precio_por_unidad": "(1,33 €/L)",
    "imagen": "https://www.dia.es/product_images/68066/68066_ISO_0_ES.jpg?imwidth=392"
  },
  {
    "categoria": "Tés fríos, cafés frios",
    "nombre": "Refresco de té sabor hierbabuena y limón zero Tetería de Dia botella 1.5 l",
    "precio_unitario": "0,95 €",
    "precio_por_unidad": "(0,63 €/L)",
    "imagen": "https://www.dia.es/product_images/294204/294204_ISO_0_ES.jpg?imwidth=392"
  },
  {
    "categoria": "Tés fríos, cafés frios",
    "nombre": "Refresco de té de melocotón e hibisco Fuze tea botella 1.5 l",
    "precio_unitario": "1,60 €",
    "precio_por_unidad": "(1,07 €/L)",
    "imagen": "https://www.dia.es/product_images/295618/295618_ISO_0_ES.jpg?imwidth=392"
  },
  {
    "categoria": "Tés fríos, cafés frios",
    "nombre": "Café cappuccino Cafetería de Dia botella 230 ml",
    "precio_unitario": "0,95 €",
    "precio_por_unidad": "(4,13 €/L)",
    "imagen": "https://www.dia.es/product_images/263960/263960_ISO_0_ES.jpg?imwidth=392"
  },
  {
    "categoria": "Tés fríos, cafés frios",
    "nombre": "Refresco de té verde Upss Dia lata 33 cl",
    "precio_unitario": "0,50 €",
    "precio_por_unidad": "(1,52 €/L)",
    "imagen": "https://www.dia.es/product_images/207369/207369_ISO_0_ES.jpg?imwidth=392"
  },
  {
    "categoria": "Tés fríos, cafés frios",
    "nombre": "Refresco de té al limón sin azúcar Nestea botella 1.5 l",
    "precio_unitario": "1,99 €",
    "precio_por_unidad": "(1,33 €/L)",
    "imagen": "https://www.dia.es/product_images/122117/122117_ISO_0_ES.jpg?imwidth=392"
  },
  {
    "categoria": "Tés fríos, cafés frios",
    "nombre": "Refresco de té al limón sin azúcar Nestea lata 33 cl",
    "precio_unitario": "0,99 €",
    "precio_por_unidad": "(3,00 €/L)",
    "imagen": "https://www.dia.es/product_images/12946/12946_ISO_0_ES.jpg?imwidth=392"
  },
  {
    "categoria": "Tés fríos, cafés frios",
    "nombre": "Refresco de té rooibos sabor fresa bajo en calorías Tetería de Dia botella 1.5 l",
    "precio_unitario": "0,99 €",
    "precio_por_unidad": "(0,66 €/L)",
    "imagen": "https://www.dia.es/product_images/294205/294205_ISO_0_ES.jpg?imwidth=392"
  },
  {
    "categoria": "Tés fríos, cafés frios",
    "nombre": "Café espresso Cafetería de Dia botella 230 ml",
    "precio_unitario": "0,95 €",
    "precio_por_unidad": "(4,13 €/L)",
    "imagen": "https://www.dia.es/product_images/263961/263961_ISO_0_ES.jpg?imwidth=392"
  },
  {
    "categoria": "Tés fríos, cafés frios",
    "nombre": "Café light Kaiku vaso 230 ml",
    "precio_unitario": "1,76 €",
    "precio_por_unidad": "(7,65 €/L)",
    "imagen": "https://www.dia.es/product_images/188395/188395_ISO_0_ES.jpg?imwidth=392"
  },
  {
    "categoria": "Tés fríos, cafés frios",
    "nombre": "Refresco de té al limón Nestea lata 33 cl",
    "precio_unitario": "0,99 €",
    "precio_por_unidad": "(3,00 €/L)",
    "imagen": "https://www.dia.es/product_images/5067/5067_ISO_0_ES.jpg?imwidth=392"
  },
  {
    "categoria": "Tés fríos, cafés frios",
    "nombre": "Refresco de té de melocotón zero San Benedetto botella 50 cl",
    "precio_unitario": "0,75 €",
    "precio_por_unidad": "(1,50 €/L)",
    "imagen": "https://www.dia.es/product_images/295035/295035_ISO_0_ES.jpg?imwidth=392"
  },
  {
    "categoria": "Tés fríos, cafés frios",
    "nombre": "Refresco de té al limón zero Upss Dia botella 50 cl",
    "precio_unitario": "0,60 €",
    "precio_por_unidad": "(1,20 €/L)",
    "imagen": "https://www.dia.es/product_images/301641/301641_ISO_0_ES.jpg?imwidth=392"
  },
  {
    "categoria": "Tés fríos, cafés frios",
    "nombre": "Café latte macchiato Cafetería de Dia botella 230 ml",
    "precio_unitario": "0,95 €",
    "precio_por_unidad": "(4,13 €/L)",
    "imagen": "https://www.dia.es/product_images/263962/263962_ISO_0_ES.jpg?imwidth=392"
  },
  {
    "categoria": "Tés fríos, cafés frios",
    "nombre": "Refresco de té verde con aloe vera San Benedetto botella 1.5 l",
    "precio_unitario": "1,15 €",
    "precio_por_unidad": "(0,77 €/L)",
    "imagen": "https://www.dia.es/product_images/226048/226048_ISO_0_ES.jpg?imwidth=392"
  },
  {
    "categoria": "Tés fríos, cafés frios",
    "nombre": "Refresco de té verde con aloe vera zero San Benedetto botella 50 cl",
    "precio_unitario": "0,75 €",
    "precio_por_unidad": "(1,50 €/L)",
    "imagen": "https://www.dia.es/product_images/295036/295036_ISO_0_ES.jpg?imwidth=392"
  },
  {
    "categoria": "Tés fríos, cafés frios",
    "nombre": "Refresco de té limón sabor original Fuze tea lata 33 cl",
    "precio_unitario": "0,79 €",
    "precio_por_unidad": "(2,39 €/L)",
    "imagen": "https://www.dia.es/product_images/305361/305361_ISO_0_ES.jpg?imwidth=392"
  },
  {
    "categoria": "Tés fríos, cafés frios",
    "nombre": "Refresco de té limón sabor original Fuze tea botella 1.5 l",
    "precio_unitario": "1,60 €",
    "precio_por_unidad": "(1,07 €/L)",
    "imagen": "https://www.dia.es/product_images/305359/305359_ISO_0_ES.jpg?imwidth=392"
  },
  {
    "categoria": "Tés fríos, cafés frios",
    "nombre": "Refresco de té limón sabor original sin azúcar Fuze tea botella 1.5 l",
    "precio_unitario": "1,60 €",
    "precio_por_unidad": "(1,07 €/L)",
    "imagen": "https://www.dia.es/product_images/305358/305358_ISO_0_ES.jpg?imwidth=392"
  },
  {
    "categoria": "Tés fríos, cafés frios",
    "nombre": "Café cappuccino Kaiku vaso 370 ml",
    "precio_unitario": "2,49 €",
    "precio_por_unidad": "(6,73 €/L)",
    "imagen": "https://www.dia.es/product_images/276778/276778_ISO_0_ES.jpg?imwidth=392"
  },
  {
    "categoria": "Tés fríos, cafés frios",
    "nombre": "Batido de chocolate enriquecido con proteínas Valio botella 260 g",
    "precio_unitario": "2,25 €",
    "precio_por_unidad": "(8,65 €/kg)",
    "imagen": "https://www.dia.es/product_images/266614/266614_ISO_0_ES.jpg?imwidth=392"
  },
  {
    "categoria": "Tés fríos, cafés frios",
    "nombre": "Café vainilla Kaiku vaso 230 ml",
    "precio_unitario": "1,76 €",
    "precio_por_unidad": "(7,65 €/L)",
    "imagen": "https://www.dia.es/product_images/189992/189992_ISO_0_ES.jpg?imwidth=392"
  },
  {
    "categoria": "Tés fríos, cafés frios",
    "nombre": "Café caramel macchiato Starbucks vaso 220 ml",
    "precio_unitario": "1,99 €",
    "precio_por_unidad": "(9,05 €/L)",
    "imagen": "https://www.dia.es/product_images/164912/164912_ISO_0_ES.jpg?imwidth=392"
  },
  {
    "categoria": "Tés fríos, cafés frios",
    "nombre": "Café cappuccino Kaiku vaso 230 ml",
    "precio_unitario": "1,76 €",
    "precio_por_unidad": "(7,65 €/L)",
    "imagen": "https://www.dia.es/product_images/147919/147919_ISO_0_ES.jpg?imwidth=392"
  },
  {
    "categoria": "Tés fríos, cafés frios",
    "nombre": "Café espresso Kaiku vaso 230 ml",
    "precio_unitario": "1,76 €",
    "precio_por_unidad": "(7,65 €/L)",
    "imagen": "https://www.dia.es/product_images/147051/147051_ISO_0_ES.jpg?imwidth=392"
  },
  {
    "categoria": "Tés fríos, cafés frios",
    "nombre": "Refresco de té verde con granada Arizona botella 50 cl",
    "precio_unitario": "1,39 €",
    "precio_por_unidad": "(2,78 €/L)",
    "imagen": "https://www.dia.es/product_images/133354/133354_ISO_0_ES.jpg?imwidth=392"
  },
  {
    "categoria": "Tés fríos, cafés frios",
    "nombre": "Refresco de té verde con miel Arizona botella 50 cl",
    "precio_unitario": "1,39 €",
    "precio_por_unidad": "(2,78 €/L)",
    "imagen": "https://www.dia.es/product_images/133351/133351_ISO_0_ES.jpg?imwidth=392"
  },
  {
    "categoria": "Tónicas",
    "nombre": "Tónica Toni Tónico de Dia lata 25 cl",
    "precio_unitario": "0,35 €",
    "precio_por_unidad": "(1,40 €/L)",
    "imagen": "https://www.dia.es/product_images/301837/301837_ISO_0_ES.jpg?imwidth=392"
  },
  {
    "categoria": "Tónicas",
    "nombre": "Tónica zero Schweppes lata 33 cl",
    "precio_unitario": "0,95 €",
    "precio_por_unidad": "(2,88 €/L)",
    "imagen": "https://www.dia.es/product_images/56781/56781_ISO_0_ES.jpg?imwidth=392"
  },
  {
    "categoria": "Tónicas",
    "nombre": "Tónica Toni Tónico de Dia botella 1.5 l",
    "precio_unitario": "0,95 €",
    "precio_por_unidad": "(0,63 €/L)",
    "imagen": "https://www.dia.es/product_images/127635/127635_ISO_0_ES.jpg?imwidth=392"
  },
  {
    "categoria": "Tónicas",
    "nombre": "Tónica Schweppes botella 1 l",
    "precio_unitario": "1,90 €",
    "precio_por_unidad": "(1,90 €/L)",
    "imagen": "https://www.dia.es/product_images/72661/72661_ISO_0_ES.jpg?imwidth=392"
  },
  {
    "categoria": "Tónicas",
    "nombre": "Tónica zero Toni Tónico de Dia lata 25 cl",
    "precio_unitario": "0,35 €",
    "precio_por_unidad": "(1,40 €/L)",
    "imagen": "https://www.dia.es/product_images/301838/301838_ISO_0_ES.jpg?imwidth=392"
  },
  {
    "categoria": "Tónicas",
    "nombre": "Tónica premium bohemian aromatic berry sensation Royal Bliss lata 25 cl",
    "precio_unitario": "0,75 €",
    "precio_por_unidad": "(3,00 €/L)",
    "imagen": "https://www.dia.es/product_images/293947/293947_ISO_0_ES.jpg?imwidth=392"
  },
  {
    "categoria": "Tónicas",
    "nombre": "Tónica citrus Toni Tónico de Dia botella 20 cl",
    "precio_unitario": "0,79 €",
    "precio_por_unidad": "(3,95 €/L)",
    "imagen": "https://www.dia.es/product_images/302937/302937_ISO_0_ES.jpg?imwidth=392"
  },
  {
    "categoria": "Tónicas",
    "nombre": "Tónica Nordic Mist lata 25 cl",
    "precio_unitario": "0,65 €",
    "precio_por_unidad": "(2,60 €/L)",
    "imagen": "https://www.dia.es/product_images/183142/183142_ISO_0_ES.jpg?imwidth=392"
  },
  {
    "categoria": "Tónicas",
    "nombre": "Tónica premium yuzu signature tonic water Royal Bliss lata 25 cl",
    "precio_unitario": "0,75 €",
    "precio_por_unidad": "(3,00 €/L)",
    "imagen": "https://www.dia.es/product_images/295082/295082_ISO_0_ES.jpg?imwidth=392"
  },
  {
    "categoria": "Tónicas",
    "nombre": "Tónica rosa zero Schweppes lata 33 cl",
    "precio_unitario": "0,95 €",
    "precio_por_unidad": "(2,88 €/L)",
    "imagen": "https://www.dia.es/product_images/302899/302899_ISO_0_ES.jpg?imwidth=392"
  },
  {
    "categoria": "Tónicas",
    "nombre": "Tónica zero Schweppes botella 1 l",
    "precio_unitario": "1,90 €",
    "precio_por_unidad": "(1,90 €/L)",
    "imagen": "https://www.dia.es/product_images/115688/115688_ISO_0_ES.jpg?imwidth=392"
  },
  {
    "categoria": "Tónicas",
    "nombre": "Tónica Schweppes lata 33 cl",
    "precio_unitario": "0,95 €",
    "precio_por_unidad": "(2,88 €/L)",
    "imagen": "https://www.dia.es/product_images/47500/47500_ISO_0_ES.jpg?imwidth=392"
  },
  {
    "categoria": "Tónicas",
    "nombre": "Tónica berries Toni Tónico de Dia botella 20 cl",
    "precio_unitario": "0,79 €",
    "precio_por_unidad": "(3,95 €/L)",
    "imagen": "https://www.dia.es/product_images/302938/302938_ISO_0_ES.jpg?imwidth=392"
  },
  {
    "categoria": "Tónicas",
    "nombre": "Tónica con toque de lima Schweppes botella 20 cl",
    "precio_unitario": "1,75 €",
    "precio_por_unidad": "(8,75 €/L)",
    "imagen": "https://www.dia.es/product_images/247154/247154_ISO_0_ES.jpg?imwidth=392"
  },
  {
    "categoria": "Tónicas",
    "nombre": "Refresco tónica Organics lata 1 l",
    "precio_unitario": "5,99 €",
    "precio_por_unidad": "(5,99 €/L)",
    "imagen": "https://www.dia.es/product_images/280311/280311_ISO_0_ES.jpg?imwidth=392"
  },
  {
    "categoria": "Zumos",
    "nombre": "Bebida de frutas con leche tropical Zumosfera de Dia brik 6 x 200 ml",
    "precio_unitario": "1,25 €",
    "precio_por_unidad": "(1,04 €/L)",
    "imagen": "https://www.dia.es/product_images/173780/173780_ISO_0_ES.jpg?imwidth=392"
  },
  {
    "categoria": "Zumos",
    "nombre": "Zumo tropical sin azúcares añadidos Zumosfera de Dia brik 1 l",
    "precio_unitario": "0,79 €",
    "precio_por_unidad": "(0,79 €/L)",
    "imagen": "https://www.dia.es/product_images/205791/205791_ISO_0_ES.jpg?imwidth=392"
  },
  {
    "categoria": "Zumos",
    "nombre": "Zumo de piña sin azúcares añadidos Zumosfera de Dia brik 1 l",
    "precio_unitario": "0,89 €",
    "precio_por_unidad": "(0,89 €/L)",
    "imagen": "https://www.dia.es/product_images/288687/288687_ISO_0_ES.jpg?imwidth=392"
  },
  {
    "categoria": "Zumos",
    "nombre": "Zumo de piña, manzana y uva 100% Zumosfera de Dia brik 6 x 200 ml",
    "precio_unitario": "1,40 €",
    "precio_por_unidad": "(1,17 €/L)",
    "imagen": "https://www.dia.es/product_images/146298/146298_ISO_0_ES.jpg?imwidth=392"
  },
  {
    "categoria": "Zumos",
    "nombre": "Bebida con leche tropical Pascual Bifrutas brik 6 x 20 cl",
    "precio_unitario": "2,39 €",
    "precio_por_unidad": "(1,99 €/L)",
    "imagen": "https://www.dia.es/product_images/125790/125790_ISO_0_ES.jpg?imwidth=392"
  },
  {
    "categoria": "Zumos",
    "nombre": "Zumo de melocotón y uva Zumosfera de Dia brik 6 x 200 ml",
    "precio_unitario": "1,50 €",
    "precio_por_unidad": "(1,25 €/L)",
    "imagen": "https://www.dia.es/product_images/146289/146289_ISO_0_ES.jpg?imwidth=392"
  },
  {
    "categoria": "Zumos",
    "nombre": "Zumo de naranja sin azúcares añadidos Zumosfera de Dia brik 1 l",
    "precio_unitario": "0,99 €",
    "precio_por_unidad": "(0,99 €/L)",
    "imagen": "https://www.dia.es/product_images/288688/288688_ISO_0_ES.jpg?imwidth=392"
  },
  {
    "categoria": "Zumos",
    "nombre": "Bebida de frutas con leche mediterráneo Zumosfera de Dia brik 6 x 200 ml",
    "precio_unitario": "1,25 €",
    "precio_por_unidad": "(1,04 €/L)",
    "imagen": "https://www.dia.es/product_images/146653/146653_ISO_0_ES.jpg?imwidth=392"
  },
  {
    "categoria": "Zumos",
    "nombre": "Zumo de naranja 100% con pulpa Zumosfera de Dia brik 1 l",
    "precio_unitario": "1,75 €",
    "precio_por_unidad": "(1,75 €/L)",
    "imagen": "https://www.dia.es/product_images/50690/50690_ISO_0_ES.jpg?imwidth=392"
  },
  {
    "categoria": "Zumos",
    "nombre": "Zumo de melocotón sin azúcares añadidos Zumosfera de Dia brik 1 l",
    "precio_unitario": "0,99 €",
    "precio_por_unidad": "(0,99 €/L)",
    "imagen": "https://www.dia.es/product_images/288689/288689_ISO_0_ES.jpg?imwidth=392"
  },
  {
    "categoria": "Zumos",
    "nombre": "Zumo de manzana sin azúcares añadidos Zumosfera de Dia brik 1 l",
    "precio_unitario": "0,89 €",
    "precio_por_unidad": "(0,89 €/L)",
    "imagen": "https://www.dia.es/product_images/288690/288690_ISO_0_ES.jpg?imwidth=392"
  },
  {
    "categoria": "Zumos",
    "nombre": "Zumo de naranja 100% sin pulpa Zumosfera de Dia brik 1 l",
    "precio_unitario": "1,75 €",
    "precio_por_unidad": "(1,75 €/L)",
    "imagen": "https://www.dia.es/product_images/131262/131262_ISO_0_ES.jpg?imwidth=392"
  },
  {
    "categoria": "Zumos",
    "nombre": "Zumo de piña 100% Zumosfera de Dia brik 1 l",
    "precio_unitario": "1,00 €",
    "precio_por_unidad": "(1,00 €/L)",
    "imagen": "https://www.dia.es/product_images/693/693_ISO_0_ES.jpg?imwidth=392"
  },
  {
    "categoria": "Zumos",
    "nombre": "Bebida de frutas con leche tropical Zumosfera de Dia brik 1 l",
    "precio_unitario": "0,95 €",
    "precio_por_unidad": "(0,95 €/L)",
    "imagen": "https://www.dia.es/product_images/50689/50689_ISO_0_ES.jpg?imwidth=392"
  },
  {
    "categoria": "Zumos",
    "nombre": "Zumo de manzana 100% Zumosfera de Dia brik 6 x 200 ml",
    "precio_unitario": "1,39 €",
    "precio_por_unidad": "(1,16 €/L)",
    "imagen": "https://www.dia.es/product_images/43228/43228_ISO_0_ES.jpg?imwidth=392"
  },
  {
    "categoria": "Zumos",
    "nombre": "Limonada Don Simón botella 1.5 l",
    "precio_unitario": "1,13 €",
    "precio_por_unidad": "(0,75 €/L)",
    "imagen": "https://www.dia.es/product_images/190208/190208_ISO_0_ES.jpg?imwidth=392"
  },
  {
    "categoria": "Zumos",
    "nombre": "Bebida de frutas con leche caribe Zumosfera de Dia brik 6 x 20 cl",
    "precio_unitario": "1,20 €",
    "precio_por_unidad": "(1,00 €/L)",
    "imagen": "https://www.dia.es/product_images/158331/158331_ISO_0_ES.jpg?imwidth=392"
  },
  {
    "categoria": "Zumos",
    "nombre": "Zumo de piña y uva 100% Zumosfera de Dia brik 3 x 200 ml",
    "precio_unitario": "1,00 €",
    "precio_por_unidad": "(1,67 €/L)",
    "imagen": "https://www.dia.es/product_images/277772/277772_ISO_0_ES.jpg?imwidth=392"
  },
  {
    "categoria": "Zumos",
    "nombre": "Néctar de melocotón light Zumosfera de Dia pack 6 x 200 ml",
    "precio_unitario": "1,19 €",
    "precio_por_unidad": "(0,98 €/L)",
    "imagen": "https://www.dia.es/product_images/118161/118161_ISO_0_ES.jpg?imwidth=392"
  },
  {
    "categoria": "Zumos",
    "nombre": "Zumo de naranja Simon Life botella 1.5 l",
    "precio_unitario": "1,85 €",
    "precio_por_unidad": "(1,23 €/L)",
    "imagen": "https://www.dia.es/product_images/46425/46425_ISO_0_ES.jpg?imwidth=392"
  },
  {
    "categoria": "Zumos",
    "nombre": "Zumo de naranja exprimida con pulpa Don Simón brik 1 l",
    "precio_unitario": "2,95 €",
    "precio_por_unidad": "(2,95 €/L)",
    "imagen": "https://www.dia.es/product_images/86202/86202_ISO_0_ES.jpg?imwidth=392"
  },
  {
    "categoria": "Zumos",
    "nombre": "Néctar de naranja y mango selección Granini botella 1 l",
    "precio_unitario": "2,79 €",
    "precio_por_unidad": "(2,79 €/L)",
    "imagen": "https://www.dia.es/product_images/74805/74805_ISO_0_ES.jpg?imwidth=392"
  },
  {
    "categoria": "Zumos",
    "nombre": "Néctar zanahoria y naranja Granini botella 1 l",
    "precio_unitario": "2,79 €",
    "precio_por_unidad": "(2,79 €/L)",
    "imagen": "https://www.dia.es/product_images/74804/74804_ISO_0_ES.jpg?imwidth=392"
  },
  {
    "categoria": "Zumos",
    "nombre": "Bebida de frutas con leche tropical Zumosfera de Dia brik 3 x 330 ml",
    "precio_unitario": "1,09 €",
    "precio_por_unidad": "(1,10 €/L)",
    "imagen": "https://www.dia.es/product_images/67783/67783_ISO_0_ES.jpg?imwidth=392"
  },
  {
    "categoria": "Zumos",
    "nombre": "Néctar de pera selección Granini botella 1 l",
    "precio_unitario": "2,79 €",
    "precio_por_unidad": "(2,79 €/L)",
    "imagen": "https://www.dia.es/product_images/6070/6070_ISO_0_ES.jpg?imwidth=392"
  },
  {
    "categoria": "Zumos",
    "nombre": "Mosto tinto Greip botella 1 l",
    "precio_unitario": "2,59 €",
    "precio_por_unidad": "(2,59 €/L)",
    "imagen": "https://www.dia.es/product_images/60672/60672_ISO_0_ES.jpg?imwidth=392"
  },
  {
    "categoria": "Zumos",
    "nombre": "Néctar piña Granini botella 1 l",
    "precio_unitario": "2,79 €",
    "precio_por_unidad": "(2,79 €/L)",
    "imagen": "https://www.dia.es/product_images/50614/50614_ISO_0_ES.jpg?imwidth=392"
  },
  {
    "categoria": "Zumos",
    "nombre": "Néctar melocotón Granini botella 1 l",
    "precio_unitario": "2,79 €",
    "precio_por_unidad": "(2,79 €/L)",
    "imagen": "https://www.dia.es/product_images/50613/50613_ISO_0_ES.jpg?imwidth=392"
  },
  {
    "categoria": "Zumos",
    "nombre": "Néctar naranja Granini botella 1 l",
    "precio_unitario": "2,99 €",
    "precio_por_unidad": "(2,99 €/L)",
    "imagen": "https://www.dia.es/product_images/48631/48631_ISO_0_ES.jpg?imwidth=392"
  },
  {
    "categoria": "Zumos",
    "nombre": "Bebida con leche tropical Pascual Bifrutas brik 3 x 330 ml",
    "precio_unitario": "2,49 €",
    "precio_por_unidad": "(2,52 €/L)",
    "imagen": "https://www.dia.es/product_images/42812/42812_ISO_0_ES.jpg?imwidth=392"
  },
  {
    "categoria": "Zumos",
    "nombre": "Néctar light piña Juver Disfruta brik 6 x 200 ml",
    "precio_unitario": "2,99 €",
    "precio_por_unidad": "(2,49 €/L)",
    "imagen": "https://www.dia.es/product_images/31803/31803_ISO_0_ES.jpg?imwidth=392"
  },
  {
    "categoria": "Zumos",
    "nombre": "Néctar melocotón sin azúcares añadidos Juver Disfruta brik 6 x 200 ml",
    "precio_unitario": "2,99 €",
    "precio_por_unidad": "(2,49 €/L)",
    "imagen": "https://www.dia.es/product_images/31800/31800_ISO_0_ES.jpg?imwidth=392"
  },
  {
    "categoria": "Zumos",
    "nombre": "Limonada natural con gas Don Simón lata 33 cl",
    "precio_unitario": "0,75 €",
    "precio_por_unidad": "(2,27 €/L)",
    "imagen": "https://www.dia.es/product_images/302601/302601_ISO_0_ES.jpg?imwidth=392"
  },
  {
    "categoria": "Zumos",
    "nombre": "Bebida de leche y zumo de frutas tropical Don Simón brik 3+1 x 330 ml",
    "precio_unitario": "1,49 €",
    "precio_por_unidad": "(1,13 €/L)",
    "imagen": "https://www.dia.es/product_images/301854/301854_ISO_0_ES.jpg?imwidth=392"
  },
  {
    "categoria": "Zumos",
    "nombre": "Néctar light de naranja y uva Juver brik 1.5 l",
    "precio_unitario": "2,85 €",
    "precio_por_unidad": "(1,90 €/L)",
    "imagen": "https://www.dia.es/product_images/301157/301157_ISO_0_ES.jpg?imwidth=392"
  },
  {
    "categoria": "Zumos",
    "nombre": "Néctar light de piña Juver Disfruta brik 1.5 l",
    "precio_unitario": "2,85 €",
    "precio_por_unidad": "(1,90 €/L)",
    "imagen": "https://www.dia.es/product_images/298235/298235_ISO_0_ES.jpg?imwidth=392"
  },
  {
    "categoria": "Zumos",
    "nombre": "Néctar light de melocotón Juver Disfruta brik 1.5 l",
    "precio_unitario": "2,85 €",
    "precio_por_unidad": "(1,90 €/L)",
    "imagen": "https://www.dia.es/product_images/298233/298233_ISO_0_ES.jpg?imwidth=392"
  },
  {
    "categoria": "Zumos",
    "nombre": "Néctar light manzana Juver Disfruta brik 1.5 l",
    "precio_unitario": "2,49 €",
    "precio_por_unidad": "(1,66 €/L)",
    "imagen": "https://www.dia.es/product_images/298232/298232_ISO_0_ES.jpg?imwidth=392"
  },
  {
    "categoria": "Zumos",
    "nombre": "Néctar light 10 frutas con 10 vitaminas Juver Disfruta brik 1.5 l",
    "precio_unitario": "2,49 €",
    "precio_por_unidad": "(1,66 €/L)",
    "imagen": "https://www.dia.es/product_images/298231/298231_ISO_0_ES.jpg?imwidth=392"
  },
  {
    "categoria": "Zumos",
    "nombre": "Zumo exprimido de uva Merlot y uva roja 100% Zumosfera de Dia brik 1 l",
    "precio_unitario": "1,99 €",
    "precio_por_unidad": "(1,99 €/L)",
    "imagen": "https://www.dia.es/product_images/295836/295836_ISO_0_ES.jpg?imwidth=392"
  },
  {
    "categoria": "Zumos",
    "nombre": "Bebida refrescante sabor piña colada Zumosfera de Dia botella 1 l",
    "precio_unitario": "1,49 €",
    "precio_por_unidad": "(1,49 €/L)",
    "imagen": "https://www.dia.es/product_images/295835/295835_ISO_0_ES.jpg?imwidth=392"
  },
  {
    "categoria": "Zumos",
    "nombre": "Bebida de zumo de frutas tropical con bebida de avena Pascual Bifrutas botella 240 ml",
    "precio_unitario": "1,09 €",
    "precio_por_unidad": "(4,54 €/L)",
    "imagen": "https://www.dia.es/product_images/295747/295747_ISO_0_ES.jpg?imwidth=392"
  },
  {
    "categoria": "Zumos",
    "nombre": "Bebida de frutas con leche tropical zero Don Simón brik 6 x 200 ml",
    "precio_unitario": "1,50 €",
    "precio_por_unidad": "(1,25 €/L)",
    "imagen": "https://www.dia.es/product_images/289860/289860_ISO_0_ES.jpg?imwidth=392"
  },
  {
    "categoria": "Zumos",
    "nombre": "Bebida refrescante sabor mojito Zumosfera de Dia brik 1 l",
    "precio_unitario": "1,00 €",
    "precio_por_unidad": "(1,00 €/L)",
    "imagen": "https://www.dia.es/product_images/283609/283609_ISO_0_ES.jpg?imwidth=392"
  },
  {
    "categoria": "Zumos",
    "nombre": "Limonada Zumosfera de Dia botella 1 l",
    "precio_unitario": "1,00 €",
    "precio_por_unidad": "(1,00 €/L)",
    "imagen": "https://www.dia.es/product_images/283608/283608_ISO_0_ES.jpg?imwidth=392"
  },
  {
    "categoria": "Zumos",
    "nombre": "Zumo de manzana 100% Zumosfera de Dia brik 1 l",
    "precio_unitario": "0,99 €",
    "precio_por_unidad": "(0,99 €/L)",
    "imagen": "https://www.dia.es/product_images/281/281_ISO_0_ES.jpg?imwidth=392"
  },
  {
    "categoria": "Zumos",
    "nombre": "Zumo de mango sin azúcares añadidos Zumosfera de Dia brik 1 l",
    "precio_unitario": "1,25 €",
    "precio_por_unidad": "(1,25 €/L)",
    "imagen": "https://www.dia.es/product_images/277775/277775_ISO_0_ES.jpg?imwidth=392"
  },
  {
    "categoria": "Zumos",
    "nombre": "Néctar de melocotón Zumosfera de Dia botella 1 l",
    "precio_unitario": "1,59 €",
    "precio_por_unidad": "(1,59 €/L)",
    "imagen": "https://www.dia.es/product_images/277774/277774_ISO_0_ES.jpg?imwidth=392"
  },
  {
    "categoria": "Zumos",
    "nombre": "Néctar de piña Zumosfera de Dia botella 1 l",
    "precio_unitario": "1,00 €",
    "precio_por_unidad": "(1,00 €/L)",
    "imagen": "https://www.dia.es/product_images/277773/277773_ISO_0_ES.jpg?imwidth=392"
  },
  {
    "categoria": "Zumos",
    "nombre": "Zumo de naranja 100% sin pulpa Zumosfera de Dia brik 3 x 200 ml",
    "precio_unitario": "1,79 €",
    "precio_por_unidad": "(2,98 €/L)",
    "imagen": "https://www.dia.es/product_images/277771/277771_ISO_0_ES.jpg?imwidth=392"
  },
  {
    "categoria": "Zumos",
    "nombre": "Mezcla de zumo de uva, granada y hortalizas Zumosfera de Dia brik 1 l",
    "precio_unitario": "1,99 €",
    "precio_por_unidad": "(1,99 €/L)",
    "imagen": "https://www.dia.es/product_images/274804/274804_ISO_0_ES.jpg?imwidth=392"
  },
  {
    "categoria": "Zumos",
    "nombre": "Zumo de mandarina 100% Zumosfera de Dia brik 1 l",
    "precio_unitario": "1,70 €",
    "precio_por_unidad": "(1,70 €/L)",
    "imagen": "https://www.dia.es/product_images/274803/274803_ISO_0_ES.jpg?imwidth=392"
  },
  {
    "categoria": "Zumos",
    "nombre": "Mezcla de zumo de manzana, fresas y uvas con hortalizas Zumosfera de Dia brik 1 l",
    "precio_unitario": "1,99 €",
    "precio_por_unidad": "(1,99 €/L)",
    "imagen": "https://www.dia.es/product_images/274802/274802_ISO_0_ES.jpg?imwidth=392"
  },
  {
    "categoria": "Zumos",
    "nombre": "Zumo mente mezcla de frutas con extractos y vitaminas Zumosfera de Dia brik 1 l",
    "precio_unitario": "1,99 €",
    "precio_por_unidad": "(1,99 €/L)",
    "imagen": "https://www.dia.es/product_images/274800/274800_ISO_0_ES.jpg?imwidth=392"
  },
  {
    "categoria": "Zumos",
    "nombre": "Zumo alma de manzana con extractos vegetales Zumosfera de Dia brik 1 l",
    "precio_unitario": "1,99 €",
    "precio_por_unidad": "(1,99 €/L)",
    "imagen": "https://www.dia.es/product_images/274799/274799_ISO_0_ES.jpg?imwidth=392"
  },
  {
    "categoria": "Zumos",
    "nombre": "Zumo cuerpo mezcla de frutas y extractos vegetales Zumosfera de Dia brik 1 l",
    "precio_unitario": "1,99 €",
    "precio_por_unidad": "(1,99 €/L)",
    "imagen": "https://www.dia.es/product_images/274798/274798_ISO_0_ES.jpg?imwidth=392"
  },
  {
    "categoria": "Zumos",
    "nombre": "Bebida con leche tropical natural Pascual Bifrutas botella 240 ml",
    "precio_unitario": "0,99 €",
    "precio_por_unidad": "(4,13 €/L)",
    "imagen": "https://www.dia.es/product_images/274201/274201_ISO_0_ES.jpg?imwidth=392"
  },
  {
    "categoria": "Zumos",
    "nombre": "Bebida leche y frutas caribe Zumosfera de Dia brik 1 l",
    "precio_unitario": "0,95 €",
    "precio_por_unidad": "(0,95 €/L)",
    "imagen": "https://www.dia.es/product_images/271652/271652_ISO_0_ES.jpg?imwidth=392"
  },
  {
    "categoria": "Zumos",
    "nombre": "Bebida de fruta con leche melón y sandía Zumosfera de Dia brik 3 x 330 ml",
    "precio_unitario": "1,49 €",
    "precio_por_unidad": "(1,51 €/L)",
    "imagen": "https://www.dia.es/product_images/271648/271648_ISO_0_ES.jpg?imwidth=392"
  },
  {
    "categoria": "Zumos",
    "nombre": "Zumo de manzana Don Simón brik 6 x 200 ml",
    "precio_unitario": "2,00 €",
    "precio_por_unidad": "(1,67 €/L)",
    "imagen": "https://www.dia.es/product_images/271160/271160_ISO_0_ES.jpg?imwidth=392"
  },
  {
    "categoria": "Zumos",
    "nombre": "Zumo de arándano, manzana y uva 100% natural Don Simón botella 750 ml",
    "precio_unitario": "2,30 €",
    "precio_por_unidad": "(3,07 €/L)",
    "imagen": "https://www.dia.es/product_images/261862/261862_ISO_0_ES.jpg?imwidth=392"
  },
  {
    "categoria": "Zumos",
    "nombre": "Zumo de piña 100% natural La huerta botella 750 ml",
    "precio_unitario": "2,30 €",
    "precio_por_unidad": "(3,07 €/L)",
    "imagen": "https://www.dia.es/product_images/256802/256802_ISO_0_ES.jpg?imwidth=392"
  },
  {
    "categoria": "Zumos",
    "nombre": "Zumo de piña 100% free Juver brik 1 l",
    "precio_unitario": "2,05 €",
    "precio_por_unidad": "(2,05 €/L)",
    "imagen": "https://www.dia.es/product_images/252080/252080_ISO_0_ES.jpg?imwidth=392"
  },
  {
    "categoria": "Zumos",
    "nombre": "Néctar piña Granini brik 3 x 220 ml",
    "precio_unitario": "1,69 €",
    "precio_por_unidad": "(2,82 €/L)",
    "imagen": "https://www.dia.es/product_images/2301/2301_ISO_0_ES.jpg?imwidth=392"
  },
  {
    "categoria": "Zumos",
    "nombre": "Bebida con leche mediterráneo Pascual Bifrutas brik 6 x 200 ml",
    "precio_unitario": "2,49 €",
    "precio_por_unidad": "(2,08 €/L)",
    "imagen": "https://www.dia.es/product_images/224182/224182_ISO_0_ES.jpg?imwidth=392"
  },
  {
    "categoria": "Zumos",
    "nombre": "Bebida con leche mediterráneo Pascual Bifrutas brik 3 x 330 ml",
    "precio_unitario": "2,49 €",
    "precio_por_unidad": "(2,52 €/L)",
    "imagen": "https://www.dia.es/product_images/224181/224181_ISO_0_ES.jpg?imwidth=392"
  },
  {
    "categoria": "Zumos",
    "nombre": "Zumo de piña 100% exprimido Zumosfera de Dia brik 1 l",
    "precio_unitario": "1,95 €",
    "precio_por_unidad": "(1,95 €/L)",
    "imagen": "https://www.dia.es/product_images/222739/222739_ISO_0_ES.jpg?imwidth=392"
  },
  {
    "categoria": "Zumos",
    "nombre": "Néctar melocotón Granini brik 3 x 20 cl",
    "precio_unitario": "1,69 €",
    "precio_por_unidad": "(2,82 €/L)",
    "imagen": "https://www.dia.es/product_images/2225/2225_ISO_0_ES.jpg?imwidth=392"
  },
  {
    "categoria": "Zumos",
    "nombre": "Zumo de tomate 100% Zumosfera de Dia brik 1 l",
    "precio_unitario": "1,05 €",
    "precio_por_unidad": "(1,05 €/L)",
    "imagen": "https://www.dia.es/product_images/221311/221311_ISO_0_ES.jpg?imwidth=392"
  },
  {
    "categoria": "Zumos",
    "nombre": "Zumo de naranja con pulpa Don Simón botella 1 l",
    "precio_unitario": "3,25 €",
    "precio_por_unidad": "(3,25 €/L)",
    "imagen": "https://www.dia.es/product_images/21543/21543_ISO_0_ES.jpg?imwidth=392"
  },
  {
    "categoria": "Zumos",
    "nombre": "Zumo de frutas hawaii Zumosfera de Dia botella 1.5 l",
    "precio_unitario": "1,69 €",
    "precio_por_unidad": "(1,13 €/L)",
    "imagen": "https://www.dia.es/product_images/207817/207817_ISO_0_ES.jpg?imwidth=392"
  },
  {
    "categoria": "Zumos",
    "nombre": "Néctar de arándanos y uva Granini botella 1 l",
    "precio_unitario": "2,79 €",
    "precio_por_unidad": "(2,79 €/L)",
    "imagen": "https://www.dia.es/product_images/196693/196693_ISO_0_ES.jpg?imwidth=392"
  },
  {
    "categoria": "Zumos",
    "nombre": "Zumo de manzana Don Simón brik 1 l",
    "precio_unitario": "1,49 €",
    "precio_por_unidad": "(1,49 €/L)",
    "imagen": "https://www.dia.es/product_images/188896/188896_ISO_0_ES.jpg?imwidth=392"
  },
  {
    "categoria": "Zumos",
    "nombre": "Zumo de piña, manzana y uva Don Simón brik 6 x 200 ml",
    "precio_unitario": "2,00 €",
    "precio_por_unidad": "(1,67 €/L)",
    "imagen": "https://www.dia.es/product_images/187166/187166_ISO_0_ES.jpg?imwidth=392"
  },
  {
    "categoria": "Zumos",
    "nombre": "Zumo de melocotón, manzana y uva Don Simón brik 6 x 20 cl",
    "precio_unitario": "2,00 €",
    "precio_por_unidad": "(1,67 €/L)",
    "imagen": "https://www.dia.es/product_images/187165/187165_ISO_0_ES.jpg?imwidth=392"
  },
  {
    "categoria": "Zumos",
    "nombre": "Zumo de manzana 100% fruta Granini botella 1 l",
    "precio_unitario": "2,99 €",
    "precio_por_unidad": "(2,99 €/L)",
    "imagen": "https://www.dia.es/product_images/186985/186985_ISO_0_ES.jpg?imwidth=392"
  },
  {
    "categoria": "Zumos",
    "nombre": "Bebida de frutas con leche mediterráneo Zumosfera de Dia brik 1 l",
    "precio_unitario": "0,95 €",
    "precio_por_unidad": "(0,95 €/L)",
    "imagen": "https://www.dia.es/product_images/163217/163217_ISO_0_ES.jpg?imwidth=392"
  },
  {
    "categoria": "Zumos",
    "nombre": "Bebida de frutas con leche mediterráneo Zumosfera de Dia brik 3 x 330 ml",
    "precio_unitario": "1,09 €",
    "precio_por_unidad": "(1,10 €/L)",
    "imagen": "https://www.dia.es/product_images/163216/163216_ISO_0_ES.jpg?imwidth=392"
  },
  {
    "categoria": "Zumos",
    "nombre": "Néctar de pomelo Granini botella 1 l",
    "precio_unitario": "2,79 €",
    "precio_por_unidad": "(2,79 €/L)",
    "imagen": "https://www.dia.es/product_images/153607/153607_ISO_0_ES.jpg?imwidth=392"
  },
  {
    "categoria": "Zumos",
    "nombre": "Néctar multifrutas Granini botella 1 l",
    "precio_unitario": "2,79 €",
    "precio_por_unidad": "(2,79 €/L)",
    "imagen": "https://www.dia.es/product_images/147839/147839_ISO_0_ES.jpg?imwidth=392"
  },
  {
    "categoria": "Zumos",
    "nombre": "Zumo piña, manzana y uva Zumosfera de Dia brik 1 l",
    "precio_unitario": "0,99 €",
    "precio_por_unidad": "(0,99 €/L)",
    "imagen": "https://www.dia.es/product_images/146291/146291_ISO_0_ES.jpg?imwidth=392"
  },
  {
    "categoria": "Zumos",
    "nombre": "Zumo de melocotón y uva Zumosfera de Dia brik 1 l",
    "precio_unitario": "1,00 €",
    "precio_por_unidad": "(1,00 €/L)",
    "imagen": "https://www.dia.es/product_images/146282/146282_ISO_0_ES.jpg?imwidth=392"
  },
  {
    "categoria": "Zumos",
    "nombre": "Néctar 10 frutas con 10 vitaminas Juver Disfruta brik 6 x 200 ml",
    "precio_unitario": "2,99 €",
    "precio_por_unidad": "(2,49 €/L)",
    "imagen": "https://www.dia.es/product_images/141192/141192_ISO_0_ES.jpg?imwidth=392"
  },
  {
    "categoria": "Zumos",
    "nombre": "Zumo de tomate Granini botella 1 l",
    "precio_unitario": "2,99 €",
    "precio_por_unidad": "(2,99 €/L)",
    "imagen": "https://www.dia.es/product_images/125714/125714_ISO_0_ES.jpg?imwidth=392"
  },
  {
    "categoria": "Zumos",
    "nombre": "Mosto blanco Greip botella 1 l",
    "precio_unitario": "2,59 €",
    "precio_por_unidad": "(2,59 €/L)",
    "imagen": "https://www.dia.es/product_images/125597/125597_ISO_0_ES.jpg?imwidth=392"
  },
  {
    "categoria": "Zumos",
    "nombre": "Bebida de frutas con leche mediterráneo zero Don Simón brik 6 x 200 ml",
    "precio_unitario": "1,50 €",
    "precio_por_unidad": "(1,25 €/L)",
    "imagen": "https://www.dia.es/product_images/120879/120879_ISO_0_ES.jpg?imwidth=392"
  },
  {
    "categoria": "Zumos",
    "nombre": "Bebida de frutas con leche caribe zero Don Simón brik 6 x 200 ml",
    "precio_unitario": "1,50 €",
    "precio_por_unidad": "(1,25 €/L)",
    "imagen": "https://www.dia.es/product_images/120878/120878_ISO_0_ES.jpg?imwidth=392"
  },
  {
    "categoria": "Zumos",
    "nombre": "Bebida con leche tropical Pascual Bifrutas brik 1 l",
    "precio_unitario": "2,29 €",
    "precio_por_unidad": "(2,29 €/L)",
    "imagen": "https://www.dia.es/product_images/115780/115780_ISO_0_ES.jpg?imwidth=392"
  },
  {
    "categoria": "Zumos",
    "nombre": "Néctar de mango Zumosfera de Dia botella 1 l",
    "precio_unitario": "1,59 €",
    "precio_por_unidad": "(1,59 €/L)",
    "imagen": "https://www.dia.es/product_images/11522/11522_ISO_0_ES.jpg?imwidth=392"
  },
  {
    "categoria": "Zumos",
    "nombre": "Zumo de naranja exprimida sin pulpa Don Simón brik 1 l",
    "precio_unitario": "2,95 €",
    "precio_por_unidad": "(2,95 €/L)",
    "imagen": "https://www.dia.es/product_images/114567/114567_ISO_0_ES.jpg?imwidth=392"
  },
  {
    "categoria": "Zumos",
    "nombre": "Zumo de naranja Don Simón brik 1 l",
    "precio_unitario": "2,25 €",
    "precio_por_unidad": "(2,25 €/L)",
    "imagen": "https://www.dia.es/product_images/112829/112829_ISO_0_ES.jpg?imwidth=392"
  },
  {
    "categoria": "Zumos",
    "nombre": "Zumo concentrado piña manzana uva Don Simón brik 1 l",
    "precio_unitario": "1,50 €",
    "precio_por_unidad": "(1,50 €/L)",
    "imagen": "https://www.dia.es/product_images/112644/112644_ISO_0_ES.jpg?imwidth=392"
  },
  {
    "categoria": "Zumos",
    "nombre": "Zumo melocotón uva y manzana Don Simón brik 1 l",
    "precio_unitario": "1,50 €",
    "precio_por_unidad": "(1,50 €/L)",
    "imagen": "https://www.dia.es/product_images/112643/112643_ISO_0_ES.jpg?imwidth=392"
  },
  {
    "categoria": "Zumos",
    "nombre": "Zumo naranja exprimido sin pulpa Zumosfera de Dia botella 1 l",
    "precio_unitario": "2,00 €",
    "precio_por_unidad": "(2,00 €/L)",
    "imagen": "https://www.dia.es/product_images/109413/109413_ISO_0_ES.jpg?imwidth=392"
  },
  {
    "categoria": "Zumos",
    "nombre": "Champan infantil Champin botella 75 cl",
    "precio_unitario": "3,45 €",
    "precio_por_unidad": "(4,60 €/L)",
    "imagen": "https://www.dia.es/product_images/105395/105395_ISO_0_ES.jpg?imwidth=392"
  },
  {
    "categoria": "Bebidas isotónicas",
    "nombre": "Bebida refrescante de limón Aquarius botella 2 x 1.5 l",
    "precio_unitario": "3,89 €",
    "precio_por_unidad": "(1,30 €/L)",
    "imagen": "https://www.dia.es/product_images/145062/145062_ISO_0_ES.jpg?imwidth=392"
  },
  {
    "categoria": "Bebidas isotónicas",
    "nombre": "Bebida refrescante de limón zero azúcar Aquarius botella 1.5 l",
    "precio_unitario": "1,99 €",
    "precio_por_unidad": "(1,33 €/L)",
    "imagen": "https://www.dia.es/product_images/124654/124654_ISO_0_ES.jpg?imwidth=392"
  },
  {
    "categoria": "Bebidas isotónicas",
    "nombre": "Bebida refrescante aromatizada cítrico Get move de Dia botella 1.5 l",
    "precio_unitario": "0,95 €",
    "precio_por_unidad": "(0,63 €/L)",
    "imagen": "https://www.dia.es/product_images/130738/130738_ISO_0_ES.jpg?imwidth=392"
  },
  {
    "categoria": "Bebidas isotónicas",
    "nombre": "Bebida refrescante aromatizada cítrico zero Get move de Dia botella 1.5 l",
    "precio_unitario": "0,95 €",
    "precio_por_unidad": "(0,63 €/L)",
    "imagen": "https://www.dia.es/product_images/145845/145845_ISO_0_ES.jpg?imwidth=392"
  },
  {
    "categoria": "Bebidas isotónicas",
    "nombre": "Bebida refrescante aromatizada naranja Get move de Dia botella 1.5 l",
    "precio_unitario": "0,95 €",
    "precio_por_unidad": "(0,63 €/L)",
    "imagen": "https://www.dia.es/product_images/131436/131436_ISO_0_ES.jpg?imwidth=392"
  },
  {
    "categoria": "Bebidas isotónicas",
    "nombre": "Bebida refrescante de limón Aquarius lata 9 x 33 cl",
    "precio_unitario": "7,69 €",
    "precio_por_unidad": "(2,59 €/L)",
    "imagen": "https://www.dia.es/product_images/147150/147150_ISO_0_ES.jpg?imwidth=392"
  },
  {
    "categoria": "Bebidas isotónicas",
    "nombre": "Bebida refrescante aromatizada azul Get move de Dia botella 500 ml",
    "precio_unitario": "0,60 €",
    "precio_por_unidad": "(1,20 €/L)",
    "imagen": "https://www.dia.es/product_images/207367/207367_ISO_0_ES.jpg?imwidth=392"
  },
  {
    "categoria": "Bebidas isotónicas",
    "nombre": "Bebida refrescante de limón Aquarius botella 1.5 l",
    "precio_unitario": "1,99 €",
    "precio_por_unidad": "(1,33 €/L)",
    "imagen": "https://www.dia.es/product_images/39737/39737_ISO_0_ES.jpg?imwidth=392"
  },
  {
    "categoria": "Bebidas isotónicas",
    "nombre": "Bebida refrescante de naranja Aquarius botella 1.5 l",
    "precio_unitario": "1,99 €",
    "precio_por_unidad": "(1,33 €/L)",
    "imagen": "https://www.dia.es/product_images/117445/117445_ISO_0_ES.jpg?imwidth=392"
  },
  {
    "categoria": "Bebidas isotónicas",
    "nombre": "Bebida refrescante de melocotón rojo Aquarius lata 330 ml",
    "precio_unitario": "0,95 €",
    "precio_por_unidad": "(2,88 €/L)",
    "imagen": "https://www.dia.es/product_images/303582/303582_ISO_0_ES.jpg?imwidth=392"
  },
  {
    "categoria": "Bebidas isotónicas",
    "nombre": "Bebida refrescante aromatizada cítrico Get move de Dia lata 330 ml",
    "precio_unitario": "0,45 €",
    "precio_por_unidad": "(1,36 €/L)",
    "imagen": "https://www.dia.es/product_images/54779/54779_ISO_0_ES.jpg?imwidth=392"
  },
  {
    "categoria": "Bebidas isotónicas",
    "nombre": "Bebida refrescante aromatizada ice storm Powerade botella 500 ml",
    "precio_unitario": "1,00 €",
    "precio_por_unidad": "(2,00 €/L)",
    "imagen": "https://www.dia.es/product_images/47652/47652_ISO_0_ES.jpg?imwidth=392"
  },
  {
    "categoria": "Bebidas isotónicas",
    "nombre": "Bebida refrescante de limón zero azúcar Aquarius lata 330 ml",
    "precio_unitario": "0,89 €",
    "precio_por_unidad": "(2,70 €/L)",
    "imagen": "https://www.dia.es/product_images/145040/145040_ISO_0_ES.jpg?imwidth=392"
  },
  {
    "categoria": "Bebidas isotónicas",
    "nombre": "Bebida refrescante aromatizada rosa Get move de Dia botella 500 ml",
    "precio_unitario": "0,60 €",
    "precio_por_unidad": "(1,20 €/L)",
    "imagen": "https://www.dia.es/product_images/300612/300612_ISO_0_ES.jpg?imwidth=392"
  },
  {
    "categoria": "Bebidas isotónicas",
    "nombre": "Bebida refrescante de naranja Aquarius lata 330 ml",
    "precio_unitario": "0,89 €",
    "precio_por_unidad": "(2,70 €/L)",
    "imagen": "https://www.dia.es/product_images/21347/21347_ISO_0_ES.jpg?imwidth=392"
  },
  {
    "categoria": "Bebidas isotónicas",
    "nombre": "Bebida refrescante de naranja Aquarius lata 9 x 33 cl",
    "precio_unitario": "7,69 €",
    "precio_por_unidad": "(2,59 €/L)",
    "imagen": "https://www.dia.es/product_images/147149/147149_ISO_0_ES.jpg?imwidth=392"
  },
  {
    "categoria": "Bebidas isotónicas",
    "nombre": "Bebida refrescante de naranja zero azúcar Aquarius lata 330 ml",
    "precio_unitario": "0,89 €",
    "precio_por_unidad": "(2,70 €/L)",
    "imagen": "https://www.dia.es/product_images/242638/242638_ISO_0_ES.jpg?imwidth=392"
  },
  {
    "categoria": "Bebidas isotónicas",
    "nombre": "Bebida refrescante de naranja zero azúcar Aquarius botella 1.5 l",
    "precio_unitario": "1,99 €",
    "precio_por_unidad": "(1,33 €/L)",
    "imagen": "https://www.dia.es/product_images/124653/124653_ISO_0_ES.jpg?imwidth=392"
  },
  {
    "categoria": "Bebidas isotónicas",
    "nombre": "Bebida refrescante de limón Aquarius lata 330 ml",
    "precio_unitario": "0,89 €",
    "precio_por_unidad": "(2,70 €/L)",
    "imagen": "https://www.dia.es/product_images/5138/5138_ISO_0_ES.jpg?imwidth=392"
  },
  {
    "categoria": "Bebidas isotónicas",
    "nombre": "Bebida refrescante de limón Aquarius botella 500 ml",
    "precio_unitario": "1,45 €",
    "precio_por_unidad": "(2,90 €/L)",
    "imagen": "https://www.dia.es/product_images/61823/61823_ISO_0_ES.jpg?imwidth=392"
  },
  {
    "categoria": "Cervezas",
    "nombre": "Cerveza lager Ramblers de Dia lata 24 x 33 cl",
    "precio_unitario": "7,44 €",
    "precio_por_unidad": "(0,94 €/L)",
    "imagen": "https://www.dia.es/product_images/127641/127641_ISO_0_ES.jpg?imwidth=392"
  },
  {
    "categoria": "Cervezas",
    "nombre": "Cerveza especial Ramblers de Dia pack 12 x 33 cl",
    "precio_unitario": "4,08 €",
    "precio_por_unidad": "(1,03 €/L)",
    "imagen": "https://www.dia.es/product_images/36797P12/36797P12_ISO_0_ES.jpg?imwidth=392"
  },
  {
    "categoria": "Cervezas",
    "nombre": "Cerveza lager Ramblers de Dia lata 33 cl",
    "precio_unitario": "0,31 €",
    "precio_por_unidad": "(0,94 €/L)",
    "imagen": "https://www.dia.es/product_images/192/192_ISO_0_ES.jpg?imwidth=392"
  },
  {
    "categoria": "Cervezas",
    "nombre": "Cerveza clásica Mahou lata 12 x 33 cl",
    "precio_unitario": "8,64 €",
    "precio_por_unidad": "(2,18 €/L)",
    "imagen": "https://www.dia.es/product_images/1722/1722_ISO_0_ES.jpg?imwidth=392"
  },
  {
    "categoria": "Cervezas",
    "nombre": "Cerveza lager Ramblers de Dia botella 6 x 25 cl",
    "precio_unitario": "1,98 €",
    "precio_por_unidad": "(1,32 €/L)",
    "imagen": "https://www.dia.es/product_images/132/132_ISO_0_ES.jpg?imwidth=392"
  },
  {
    "categoria": "Cervezas",
    "nombre": "Cerveza Mahou 5 Estrellas botella 12 x 25 cl",
    "precio_unitario": "7,68 €",
    "precio_por_unidad": "(2,56 €/L)",
    "imagen": "https://www.dia.es/product_images/5600/5600_ISO_0_ES.jpg?imwidth=392"
  },
  {
    "categoria": "Cervezas",
    "nombre": "Cerveza Mahou 5 Estrellas lata 12 x 33 cl",
    "precio_unitario": "9,99 €",
    "precio_por_unidad": "(2,52 €/L)",
    "imagen": "https://www.dia.es/product_images/6171/6171_ISO_0_ES.jpg?imwidth=392"
  },
  {
    "categoria": "Cervezas",
    "nombre": "Cerveza especial Alhambra botella 6 x 25 cl",
    "precio_unitario": "3,99 €",
    "precio_por_unidad": "(2,66 €/L)",
    "imagen": "https://www.dia.es/product_images/216394/216394_ISO_0_ES.jpg?imwidth=392"
  },
  {
    "categoria": "Cervezas",
    "nombre": "Cerveza lager Ramblers de Dia lata 12 x 33 cl",
    "precio_unitario": "3,72 €",
    "precio_por_unidad": "(0,94 €/L)",
    "imagen": "https://www.dia.es/product_images/192P12/192P12_ISO_0_ES.jpg?imwidth=392"
  },
  {
    "categoria": "Cervezas",
    "nombre": "Cerveza especial Estrella Galicia lata 33 cl",
    "precio_unitario": "0,87 €",
    "precio_por_unidad": "(2,64 €/L)",
    "imagen": "https://www.dia.es/product_images/24286/24286_ISO_0_ES.jpg?imwidth=392"
  },
  {
    "categoria": "Cervezas",
    "nombre": "Cerveza rubia especial Victoria lata 33 cl",
    "precio_unitario": "0,72 €",
    "precio_por_unidad": "(2,18 €/L)",
    "imagen": "https://www.dia.es/product_images/228450/228450_ISO_0_ES.jpg?imwidth=392"
  },
  {
    "categoria": "Cervezas",
    "nombre": "Cerveza San Miguel botella 12 x 25 cl",
    "precio_unitario": "6,39 €",
    "precio_por_unidad": "(2,13 €/L)",
    "imagen": "https://www.dia.es/product_images/64319/64319_ISO_0_ES.jpg?imwidth=392"
  },
  {
    "categoria": "Cervezas",
    "nombre": "Cerveza lager Ramblers de Dia botella 1 l",
    "precio_unitario": "0,90 €",
    "precio_por_unidad": "(0,90 €/L)",
    "imagen": "https://www.dia.es/product_images/263592/263592_ISO_0_ES.jpg?imwidth=392"
  },
  {
    "categoria": "Cervezas",
    "nombre": "Cerveza lager Ramblers de Dia lata 50 cl",
    "precio_unitario": "0,49 €",
    "precio_por_unidad": "(0,98 €/L)",
    "imagen": "https://www.dia.es/product_images/20958/20958_ISO_0_ES.jpg?imwidth=392"
  },
  {
    "categoria": "Cervezas",
    "nombre": "Cerveza San Miguel lata 12 x 33 cl",
    "precio_unitario": "8,40 €",
    "precio_por_unidad": "(2,12 €/L)",
    "imagen": "https://www.dia.es/product_images/11984/11984_ISO_0_ES.jpg?imwidth=392"
  },
  {
    "categoria": "Cervezas",
    "nombre": "Cerveza clásica Mahou lata 24 x 33 cl",
    "precio_unitario": "17,29 €",
    "precio_por_unidad": "(2,18 €/L)",
    "imagen": "https://www.dia.es/product_images/186607/186607_ISO_0_ES.jpg?imwidth=392"
  },
  {
    "categoria": "Cervezas",
    "nombre": "Cerveza Heineken lata 33 cl",
    "precio_unitario": "0,85 €",
    "precio_por_unidad": "(2,58 €/L)",
    "imagen": "https://www.dia.es/product_images/12517/12517_ISO_0_ES.jpg?imwidth=392"
  },
  {
    "categoria": "Cervezas",
    "nombre": "Cerveza Heineken lata 12 x 33 cl",
    "precio_unitario": "9,79 €",
    "precio_por_unidad": "(2,47 €/L)",
    "imagen": "https://www.dia.es/product_images/232317/232317_ISO_0_ES.jpg?imwidth=392"
  },
  {
    "categoria": "Cervezas",
    "nombre": "Cerveza especial negra Ramblers de Dia pack 6 x 33 cl",
    "precio_unitario": "3,18 €",
    "precio_por_unidad": "(1,61 €/L)",
    "imagen": "https://www.dia.es/product_images/88004P6/88004P6_ISO_0_ES.jpg?imwidth=392"
  },
  {
    "categoria": "Cervezas",
    "nombre": "Cerveza especial negra Ramblers de Dia lata 33 cl",
    "precio_unitario": "0,53 €",
    "precio_por_unidad": "(1,61 €/L)",
    "imagen": "https://www.dia.es/product_images/88004/88004_ISO_0_ES.jpg?imwidth=392"
  },
  {
    "categoria": "Cervezas",
    "nombre": "Cerveza especial Ambar lata 50 cl",
    "precio_unitario": "1,29 €",
    "precio_por_unidad": "(2,58 €/L)",
    "imagen": "https://www.dia.es/product_images/71061/71061_ISO_0_ES.jpg?imwidth=392"
  },
  {
    "categoria": "Cervezas",
    "nombre": "Cerveza Estrella damm lata 12 x 33 cl",
    "precio_unitario": "9,99 €",
    "precio_por_unidad": "(2,52 €/L)",
    "imagen": "https://www.dia.es/product_images/70976/70976_ISO_0_ES.jpg?imwidth=392"
  },
  {
    "categoria": "Cervezas",
    "nombre": "Cerveza Estrella damm lata 33 cl",
    "precio_unitario": "0,85 €",
    "precio_por_unidad": "(2,58 €/L)",
    "imagen": "https://www.dia.es/product_images/678/678_ISO_0_ES.jpg?imwidth=392"
  },
  {
    "categoria": "Cervezas",
    "nombre": "Cerveza clásica Mahou botella 12 x 25 cl",
    "precio_unitario": "6,48 €",
    "precio_por_unidad": "(2,16 €/L)",
    "imagen": "https://www.dia.es/product_images/64318/64318_ISO_0_ES.jpg?imwidth=392"
  },
  {
    "categoria": "Cervezas",
    "nombre": "Cerveza pura malta 1516 Ramblers de Dia lata 50 cl",
    "precio_unitario": "0,65 €",
    "precio_por_unidad": "(1,30 €/L)",
    "imagen": "https://www.dia.es/product_images/5855/5855_ISO_0_ES.jpg?imwidth=392"
  },
  {
    "categoria": "Cervezas",
    "nombre": "Cerveza especial Ambar lata 9 x 33 cl",
    "precio_unitario": "7,69 €",
    "precio_por_unidad": "(2,59 €/L)",
    "imagen": "https://www.dia.es/product_images/57463/57463_ISO_0_ES.jpg?imwidth=392"
  },
  {
    "categoria": "Cervezas",
    "nombre": "Cerveza doble malta Ramblers de Dia lata 6 x 33 cl",
    "precio_unitario": "3,18 €",
    "precio_por_unidad": "(1,61 €/L)",
    "imagen": "https://www.dia.es/product_images/54570P6/54570P6_ISO_0_ES.jpg?imwidth=392"
  },
  {
    "categoria": "Cervezas",
    "nombre": "Cerveza doble malta Ramblers de Dia lata 33 cl",
    "precio_unitario": "0,53 €",
    "precio_por_unidad": "(1,61 €/L)",
    "imagen": "https://www.dia.es/product_images/54570/54570_ISO_0_ES.jpg?imwidth=392"
  },
  {
    "categoria": "Cervezas",
    "nombre": "Cerveza tradicional Alhambra lata 33 cl",
    "precio_unitario": "0,75 €",
    "precio_por_unidad": "(2,27 €/L)",
    "imagen": "https://www.dia.es/product_images/54101/54101_ISO_0_ES.jpg?imwidth=392"
  },
  {
    "categoria": "Cervezas",
    "nombre": "Cerveza Amstel lata 33 cl",
    "precio_unitario": "0,75 €",
    "precio_por_unidad": "(2,27 €/L)",
    "imagen": "https://www.dia.es/product_images/5396/5396_ISO_0_ES.jpg?imwidth=392"
  },
  {
    "categoria": "Cervezas",
    "nombre": "Cerveza lager Ramblers de Dia botella 1 l",
    "precio_unitario": "1,05 €",
    "precio_por_unidad": "(1,05 €/L)",
    "imagen": "https://www.dia.es/product_images/5331/5331_ISO_0_ES.jpg?imwidth=392"
  },
  {
    "categoria": "Cervezas",
    "nombre": "Cerveza San Miguel lata 50 cl",
    "precio_unitario": "1,09 €",
    "precio_por_unidad": "(2,18 €/L)",
    "imagen": "https://www.dia.es/product_images/43818/43818_ISO_0_ES.jpg?imwidth=392"
  },
  {
    "categoria": "Cervezas",
    "nombre": "Cerveza Amstel lata 12 x 33 cl",
    "precio_unitario": "8,52 €",
    "precio_por_unidad": "(2,15 €/L)",
    "imagen": "https://www.dia.es/product_images/38340/38340_ISO_0_ES.jpg?imwidth=392"
  },
  {
    "categoria": "Cervezas",
    "nombre": "Cerveza Heineken botella 6 x 25 cl",
    "precio_unitario": "3,96 €",
    "precio_por_unidad": "(2,64 €/L)",
    "imagen": "https://www.dia.es/product_images/38339/38339_ISO_0_ES.jpg?imwidth=392"
  },
  {
    "categoria": "Cervezas",
    "nombre": "Cerveza especial Ramblers de Dia lata 33 cl",
    "precio_unitario": "0,34 €",
    "precio_por_unidad": "(1,03 €/L)",
    "imagen": "https://www.dia.es/product_images/36797/36797_ISO_0_ES.jpg?imwidth=392"
  },
  {
    "categoria": "Cervezas",
    "nombre": "Cerveza reserva 1925 Alhambra lata 33 cl",
    "precio_unitario": "1,29 €",
    "precio_por_unidad": "(3,91 €/L)",
    "imagen": "https://www.dia.es/product_images/303032/303032_ISO_0_ES.jpg?imwidth=392"
  },
  {
    "categoria": "Cervezas",
    "nombre": "Cerveza artesana tostada Märzen Ramblers de Dia botella 33 cl",
    "precio_unitario": "1,10 €",
    "precio_por_unidad": "(3,33 €/L)",
    "imagen": "https://www.dia.es/product_images/301570/301570_ISO_0_ES.jpg?imwidth=392"
  },
  {
    "categoria": "Cervezas",
    "nombre": "Cerveza especial sin gluten Ramblers de Dia lata 33 cl",
    "precio_unitario": "0,65 €",
    "precio_por_unidad": "(1,97 €/L)",
    "imagen": "https://www.dia.es/product_images/300378/300378_ISO_0_ES.jpg?imwidth=392"
  },
  {
    "categoria": "Cervezas",
    "nombre": "Cerveza sin filtrar Ramblers de Dia lata 33 cl",
    "precio_unitario": "0,49 €",
    "precio_por_unidad": "(1,48 €/L)",
    "imagen": "https://www.dia.es/product_images/300377/300377_ISO_0_ES.jpg?imwidth=392"
  },
  {
    "categoria": "Cervezas",
    "nombre": "Cerveza sin filtrar Mahou 5 Estrellas botella 33 cl",
    "precio_unitario": "0,99 €",
    "precio_por_unidad": "(3,00 €/L)",
    "imagen": "https://www.dia.es/product_images/299593/299593_ISO_0_ES.jpg?imwidth=392"
  },
  {
    "categoria": "Cervezas",
    "nombre": "Cerveza rubia mexicana Corona lata 6 x 33 cl",
    "precio_unitario": "6,60 €",
    "precio_por_unidad": "(3,33 €/L)",
    "imagen": "https://www.dia.es/product_images/299592/299592_ISO_0_ES.jpg?imwidth=392"
  },
  {
    "categoria": "Cervezas",
    "nombre": "Cerveza sin filtrar El aguila lata 33 cl",
    "precio_unitario": "0,94 €",
    "precio_por_unidad": "(2,85 €/L)",
    "imagen": "https://www.dia.es/product_images/293649/293649_ISO_0_ES.jpg?imwidth=392"
  },
  {
    "categoria": "Cervezas",
    "nombre": "Cerveza dorada El aguila botella 6 x 20 cl",
    "precio_unitario": "3,19 €",
    "precio_por_unidad": "(2,66 €/L)",
    "imagen": "https://www.dia.es/product_images/293648/293648_ISO_0_ES.jpg?imwidth=392"
  },
  {
    "categoria": "Cervezas",
    "nombre": "Cerveza sin filtrar Mahou 5 Estrellas lata 33 cl",
    "precio_unitario": "0,95 €",
    "precio_por_unidad": "(2,88 €/L)",
    "imagen": "https://www.dia.es/product_images/293456/293456_ISO_0_ES.jpg?imwidth=392"
  },
  {
    "categoria": "Cervezas",
    "nombre": "Cerveza de trigo weissbier Ramblers de Dia lata 50 cl",
    "precio_unitario": "0,85 €",
    "precio_por_unidad": "(1,70 €/L)",
    "imagen": "https://www.dia.es/product_images/292471/292471_ISO_0_ES.jpg?imwidth=392"
  },
  {
    "categoria": "Cervezas",
    "nombre": "Cerveza silver Heineken lata 33 cl",
    "precio_unitario": "0,85 €",
    "precio_por_unidad": "(2,58 €/L)",
    "imagen": "https://www.dia.es/product_images/284166/284166_ISO_0_ES.jpg?imwidth=392"
  },
  {
    "categoria": "Cervezas",
    "nombre": "Cerveza especial Alhambra botella 6 x 20 cl",
    "precio_unitario": "3,49 €",
    "precio_por_unidad": "(2,91 €/L)",
    "imagen": "https://www.dia.es/product_images/283778/283778_ISO_0_ES.jpg?imwidth=392"
  },
  {
    "categoria": "Cervezas",
    "nombre": "Cerveza artesana ipa Ramblers de Dia botella 33 cl",
    "precio_unitario": "1,30 €",
    "precio_por_unidad": "(3,94 €/L)",
    "imagen": "https://www.dia.es/product_images/282650/282650_ISO_0_ES.jpg?imwidth=392"
  },
  {
    "categoria": "Cervezas",
    "nombre": "Cerveza artesana Ramblers de Dia botella 33 cl",
    "precio_unitario": "0,69 €",
    "precio_por_unidad": "(2,09 €/L)",
    "imagen": "https://www.dia.es/product_images/282647/282647_ISO_0_ES.jpg?imwidth=392"
  },
  {
    "categoria": "Cervezas",
    "nombre": "Cerveza muy suave Ramblers de Dia botella 33 cl",
    "precio_unitario": "0,69 €",
    "precio_por_unidad": "(2,09 €/L)",
    "imagen": "https://www.dia.es/product_images/280091/280091_ISO_0_ES.jpg?imwidth=392"
  },
  {
    "categoria": "Cervezas",
    "nombre": "Cerveza tostada Ramblers de Dia pack 6 x 33 cl",
    "precio_unitario": "3,00 €",
    "precio_por_unidad": "(1,52 €/L)",
    "imagen": "https://www.dia.es/product_images/280089P6/280089P6_ISO_0_ES.jpg?imwidth=392"
  },
  {
    "categoria": "Cervezas",
    "nombre": "Cerveza tostada Ramblers de Dia lata 33 cl",
    "precio_unitario": "0,50 €",
    "precio_por_unidad": "(1,52 €/L)",
    "imagen": "https://www.dia.es/product_images/280089/280089_ISO_0_ES.jpg?imwidth=392"
  },
  {
    "categoria": "Cervezas",
    "nombre": "Cerveza La salve lata 33 cl",
    "precio_unitario": "0,79 €",
    "precio_por_unidad": "(2,39 €/L)",
    "imagen": "https://www.dia.es/product_images/277453/277453_ISO_0_ES.jpg?imwidth=392"
  },
  {
    "categoria": "Cervezas",
    "nombre": "Cerveza rubia dorada El aguila lata 10 x 33 cl",
    "precio_unitario": "8,09 €",
    "precio_por_unidad": "(2,45 €/L)",
    "imagen": "https://www.dia.es/product_images/277448/277448_ISO_0_ES.jpg?imwidth=392"
  },
  {
    "categoria": "Cervezas",
    "nombre": "Cerveza tostada Amstel lata 10 x 33 cl",
    "precio_unitario": "8,29 €",
    "precio_por_unidad": "(2,51 €/L)",
    "imagen": "https://www.dia.es/product_images/277446/277446_ISO_0_ES.jpg?imwidth=392"
  },
  {
    "categoria": "Cervezas",
    "nombre": "Cerveza original lager La Sagra lata 33 cl",
    "precio_unitario": "0,79 €",
    "precio_por_unidad": "(2,39 €/L)",
    "imagen": "https://www.dia.es/product_images/277140/277140_ISO_0_ES.jpg?imwidth=392"
  },
  {
    "categoria": "Cervezas",
    "nombre": "Cerveza especial Cruzcampo botella 6 x 200 ml",
    "precio_unitario": "3,39 €",
    "precio_por_unidad": "(2,83 €/L)",
    "imagen": "https://www.dia.es/product_images/271738/271738_ISO_0_ES.jpg?imwidth=392"
  },
  {
    "categoria": "Cervezas",
    "nombre": "Cerveza Mahou 5 Estrellas lata 25 cl",
    "precio_unitario": "0,69 €",
    "precio_por_unidad": "(2,76 €/L)",
    "imagen": "https://www.dia.es/product_images/271369/271369_ISO_0_ES.jpg?imwidth=392"
  },
  {
    "categoria": "Cervezas",
    "nombre": "Cerveza lager Ramblers de Dia pack 6 x 1 l",
    "precio_unitario": "5,40 €",
    "precio_por_unidad": "(0,90 €/L)",
    "imagen": "https://www.dia.es/product_images/263592P6/263592P6_ISO_0_ES.jpg?imwidth=392"
  },
  {
    "categoria": "Cervezas",
    "nombre": "Cerveza rubia dorada El aguila lata 33 cl",
    "precio_unitario": "0,82 €",
    "precio_por_unidad": "(2,48 €/L)",
    "imagen": "https://www.dia.es/product_images/263304/263304_ISO_0_ES.jpg?imwidth=392"
  },
  {
    "categoria": "Cervezas",
    "nombre": "Cerveza San Miguel Magna lata 12 x 33 cl",
    "precio_unitario": "9,45 €",
    "precio_por_unidad": "(2,39 €/L)",
    "imagen": "https://www.dia.es/product_images/261939/261939_ISO_0_ES.jpg?imwidth=392"
  },
  {
    "categoria": "Cervezas",
    "nombre": "Cerveza lager sin filtrar El aguila botella 33 cl",
    "precio_unitario": "0,99 €",
    "precio_por_unidad": "(3,00 €/L)",
    "imagen": "https://www.dia.es/product_images/259406/259406_ISO_0_ES.jpg?imwidth=392"
  },
  {
    "categoria": "Cervezas",
    "nombre": "Cerveza magna San Miguel Magna lata 33 cl",
    "precio_unitario": "0,81 €",
    "precio_por_unidad": "(2,45 €/L)",
    "imagen": "https://www.dia.es/product_images/259020/259020_ISO_0_ES.jpg?imwidth=392"
  },
  {
    "categoria": "Cervezas",
    "nombre": "Cerveza sin gluten Mahou 5 Estrellas botella 33 cl",
    "precio_unitario": "1,19 €",
    "precio_por_unidad": "(3,61 €/L)",
    "imagen": "https://www.dia.es/product_images/242751/242751_ISO_0_ES.jpg?imwidth=392"
  },
  {
    "categoria": "Cervezas",
    "nombre": "Cerveza sin gluten Mahou lata 33 cl",
    "precio_unitario": "0,84 €",
    "precio_por_unidad": "(2,55 €/L)",
    "imagen": "https://www.dia.es/product_images/227622/227622_ISO_0_ES.jpg?imwidth=392"
  },
  {
    "categoria": "Cervezas",
    "nombre": "Cerveza Sureña botella 1 l",
    "precio_unitario": "1,29 €",
    "precio_por_unidad": "(1,29 €/L)",
    "imagen": "https://www.dia.es/product_images/210374/210374_ISO_0_ES.jpg?imwidth=392"
  },
  {
    "categoria": "Cervezas",
    "nombre": "Cerveza tostada Amstel Oro lata 33 cl",
    "precio_unitario": "0,85 €",
    "precio_por_unidad": "(2,58 €/L)",
    "imagen": "https://www.dia.es/product_images/206131/206131_ISO_0_ES.jpg?imwidth=392"
  },
  {
    "categoria": "Cervezas",
    "nombre": "Cerveza Amstel botella 6 x 25 cl",
    "precio_unitario": "3,09 €",
    "precio_por_unidad": "(2,06 €/L)",
    "imagen": "https://www.dia.es/product_images/185/185_ISO_0_ES.jpg?imwidth=392"
  },
  {
    "categoria": "Cervezas",
    "nombre": "Cerveza especial Ambar botella 6 x 25 cl",
    "precio_unitario": "4,29 €",
    "precio_por_unidad": "(2,86 €/L)",
    "imagen": "https://www.dia.es/product_images/18409/18409_ISO_0_ES.jpg?imwidth=392"
  },
  {
    "categoria": "Cervezas",
    "nombre": "Cerveza especial Ambar lata 33 cl",
    "precio_unitario": "0,85 €",
    "precio_por_unidad": "(2,58 €/L)",
    "imagen": "https://www.dia.es/product_images/18407/18407_ISO_0_ES.jpg?imwidth=392"
  },
  {
    "categoria": "Cervezas",
    "nombre": "Cerveza Mahou 5 Estrellas lata 33 cl",
    "precio_unitario": "0,85 €",
    "precio_por_unidad": "(2,58 €/L)",
    "imagen": "https://www.dia.es/product_images/182/182_ISO_0_ES.jpg?imwidth=392"
  },
  {
    "categoria": "Cervezas",
    "nombre": "Cerveza Mahou 5 Estrellas botella 6 x 25 cl",
    "precio_unitario": "4,09 €",
    "precio_por_unidad": "(2,73 €/L)",
    "imagen": "https://www.dia.es/product_images/181/181_ISO_0_ES.jpg?imwidth=392"
  },
  {
    "categoria": "Cervezas",
    "nombre": "Cerveza clásica Amstel lata 33 cl",
    "precio_unitario": "0,45 €",
    "precio_por_unidad": "(1,36 €/L)",
    "imagen": "https://www.dia.es/product_images/160602/160602_ISO_0_ES.jpg?imwidth=392"
  },
  {
    "categoria": "Cervezas",
    "nombre": "Cerveza clásica Mahou botella 1 l",
    "precio_unitario": "1,77 €",
    "precio_por_unidad": "(1,77 €/L)",
    "imagen": "https://www.dia.es/product_images/1552/1552_ISO_0_ES.jpg?imwidth=392"
  },
  {
    "categoria": "Cervezas",
    "nombre": "Cerveza Amstel lata 50 cl",
    "precio_unitario": "1,06 €",
    "precio_por_unidad": "(2,12 €/L)",
    "imagen": "https://www.dia.es/product_images/149817/149817_ISO_0_ES.jpg?imwidth=392"
  },
  {
    "categoria": "Cervezas",
    "nombre": "Cerveza clásica Mahou lata 33 cl",
    "precio_unitario": "0,75 €",
    "precio_por_unidad": "(2,27 €/L)",
    "imagen": "https://www.dia.es/product_images/14752/14752_ISO_0_ES.jpg?imwidth=392"
  },
  {
    "categoria": "Cervezas",
    "nombre": "Cerveza clásica Mahou botella 6 x 25 cl",
    "precio_unitario": "3,49 €",
    "precio_por_unidad": "(2,33 €/L)",
    "imagen": "https://www.dia.es/product_images/14751/14751_ISO_0_ES.jpg?imwidth=392"
  },
  {
    "categoria": "Cervezas",
    "nombre": "Cerveza San Miguel lata 33 cl",
    "precio_unitario": "0,72 €",
    "precio_por_unidad": "(2,18 €/L)",
    "imagen": "https://www.dia.es/product_images/14746/14746_ISO_0_ES.jpg?imwidth=392"
  },
  {
    "categoria": "Cervezas",
    "nombre": "Cerveza San Miguel botella 6 x 25 cl",
    "precio_unitario": "3,49 €",
    "precio_por_unidad": "(2,33 €/L)",
    "imagen": "https://www.dia.es/product_images/14745/14745_ISO_0_ES.jpg?imwidth=392"
  },
  {
    "categoria": "Cervezas",
    "nombre": "Cerveza clásica Mahou lata 50 cl",
    "precio_unitario": "1,09 €",
    "precio_por_unidad": "(2,18 €/L)",
    "imagen": "https://www.dia.es/product_images/130559/130559_ISO_0_ES.jpg?imwidth=392"
  },
  {
    "categoria": "Cervezas",
    "nombre": "Cerveza Mahou 5 Estrellas lata 50 cl",
    "precio_unitario": "1,00 €",
    "precio_por_unidad": "(2,00 €/L)",
    "imagen": "https://www.dia.es/product_images/12077/12077_ISO_0_ES.jpg?imwidth=392"
  },
  {
    "categoria": "Cervezas",
    "nombre": "Cerveza lager singular Alhambra lata 33 cl",
    "precio_unitario": "0,89 €",
    "precio_por_unidad": "(2,70 €/L)",
    "imagen": "https://www.dia.es/product_images/119052/119052_ISO_0_ES.jpg?imwidth=392"
  },
  {
    "categoria": "Cervezas especiales",
    "nombre": "Cerveza de trigo weissbier Ramblers de Dia lata 50 cl",
    "precio_unitario": "0,85 €",
    "precio_por_unidad": "(1,70 €/L)",
    "imagen": "https://www.dia.es/product_images/292471/292471_ISO_0_ES.jpg?imwidth=392"
  },
  {
    "categoria": "Cervezas especiales",
    "nombre": "Cerveza muy suave Ramblers de Dia botella 33 cl",
    "precio_unitario": "0,69 €",
    "precio_por_unidad": "(2,09 €/L)",
    "imagen": "https://www.dia.es/product_images/280091/280091_ISO_0_ES.jpg?imwidth=392"
  },
  {
    "categoria": "Cervezas especiales",
    "nombre": "Cerveza doble malta Voll Damm lata 33 cl",
    "precio_unitario": "0,99 €",
    "precio_por_unidad": "(3,00 €/L)",
    "imagen": "https://www.dia.es/product_images/25220/25220_ISO_0_ES.jpg?imwidth=392"
  },
  {
    "categoria": "Cervezas especiales",
    "nombre": "Cerveza doble malta Ramblers de Dia lata 33 cl",
    "precio_unitario": "0,53 €",
    "precio_por_unidad": "(1,61 €/L)",
    "imagen": "https://www.dia.es/product_images/54570/54570_ISO_0_ES.jpg?imwidth=392"
  },
  {
    "categoria": "Cervezas especiales",
    "nombre": "Cerveza tostada Ramblers de Dia lata 33 cl",
    "precio_unitario": "0,50 €",
    "precio_por_unidad": "(1,52 €/L)",
    "imagen": "https://www.dia.es/product_images/280089/280089_ISO_0_ES.jpg?imwidth=392"
  },
  {
    "categoria": "Cervezas especiales",
    "nombre": "Cerveza reserva 1925 Alhambra botella 6 x 225 ml",
    "precio_unitario": "5,99 €",
    "precio_por_unidad": "(4,44 €/L)",
    "imagen": "https://www.dia.es/product_images/254526/254526_ISO_0_ES.jpg?imwidth=392"
  },
  {
    "categoria": "Cervezas especiales",
    "nombre": "Cerveza de trigo alemana Paulaner botella 50 cl",
    "precio_unitario": "1,99 €",
    "precio_por_unidad": "(3,98 €/L)",
    "imagen": "https://www.dia.es/product_images/195167/195167_ISO_0_ES.jpg?imwidth=392"
  },
  {
    "categoria": "Cervezas especiales",
    "nombre": "Cerveza reserva 1925 Alhambra botella 4 x 33 cl",
    "precio_unitario": "5,89 €",
    "precio_por_unidad": "(4,46 €/L)",
    "imagen": "https://www.dia.es/product_images/49740/49740_ISO_0_ES.jpg?imwidth=392"
  },
  {
    "categoria": "Cervezas especiales",
    "nombre": "Cerveza artesana Ramblers de Dia botella 33 cl",
    "precio_unitario": "0,69 €",
    "precio_por_unidad": "(2,09 €/L)",
    "imagen": "https://www.dia.es/product_images/282647/282647_ISO_0_ES.jpg?imwidth=392"
  },
  {
    "categoria": "Cervezas especiales",
    "nombre": "Cerveza rubia original Desperados botella 33 cl",
    "precio_unitario": "1,49 €",
    "precio_por_unidad": "(4,52 €/L)",
    "imagen": "https://www.dia.es/product_images/135217/135217_ISO_0_ES.jpg?imwidth=392"
  },
  {
    "categoria": "Cervezas especiales",
    "nombre": "Cerveza mexicana Corona botella 35.5 cl",
    "precio_unitario": "1,50 €",
    "precio_por_unidad": "(4,23 €/L)",
    "imagen": "https://www.dia.es/product_images/115202/115202_ISO_0_ES.jpg?imwidth=392"
  },
  {
    "categoria": "Cervezas especiales",
    "nombre": "Cerveza reserva especial 1906 botella 6 x 33 cl",
    "precio_unitario": "6,59 €",
    "precio_por_unidad": "(3,33 €/L)",
    "imagen": "https://www.dia.es/product_images/38148/38148_ISO_0_ES.jpg?imwidth=392"
  },
  {
    "categoria": "Cervezas especiales",
    "nombre": "Cerveza Franziskaner botella 50 cl",
    "precio_unitario": "1,73 €",
    "precio_por_unidad": "(3,46 €/L)",
    "imagen": "https://www.dia.es/product_images/40102/40102_ISO_0_ES.jpg?imwidth=392"
  },
  {
    "categoria": "Cervezas especiales",
    "nombre": "Cerveza especial 18/70 La rubia botella 33 cl",
    "precio_unitario": "1,00 €",
    "precio_por_unidad": "(3,03 €/L)",
    "imagen": "https://www.dia.es/product_images/295946/295946_ISO_0_ES.jpg?imwidth=392"
  },
  {
    "categoria": "Cervezas especiales",
    "nombre": "Cerveza doble malta Ramblers de Dia lata 6 x 33 cl",
    "precio_unitario": "3,18 €",
    "precio_por_unidad": "(1,61 €/L)",
    "imagen": "https://www.dia.es/product_images/54570P6/54570P6_ISO_0_ES.jpg?imwidth=392"
  },
  {
    "categoria": "Cervezas especiales",
    "nombre": "Cerveza artesana tostada Märzen Ramblers de Dia botella 33 cl",
    "precio_unitario": "1,10 €",
    "precio_por_unidad": "(3,33 €/L)",
    "imagen": "https://www.dia.es/product_images/301570/301570_ISO_0_ES.jpg?imwidth=392"
  },
  {
    "categoria": "Cervezas especiales",
    "nombre": "Cerveza tostada Ramblers de Dia pack 6 x 33 cl",
    "precio_unitario": "3,00 €",
    "precio_por_unidad": "(1,52 €/L)",
    "imagen": "https://www.dia.es/product_images/280089P6/280089P6_ISO_0_ES.jpg?imwidth=392"
  },
  {
    "categoria": "Cervezas especiales",
    "nombre": "Cerveza tostada doble lúpulo Mahou Maestra lata 33 cl",
    "precio_unitario": "1,00 €",
    "precio_por_unidad": "(3,03 €/L)",
    "imagen": "https://www.dia.es/product_images/220326/220326_ISO_0_ES.jpg?imwidth=392"
  },
  {
    "categoria": "Cervezas especiales",
    "nombre": "Cerveza extra San Miguel Selecta lata 33 cl",
    "precio_unitario": "1,00 €",
    "precio_por_unidad": "(3,03 €/L)",
    "imagen": "https://www.dia.es/product_images/130556/130556_ISO_0_ES.jpg?imwidth=392"
  },
  {
    "categoria": "Cervezas especiales",
    "nombre": "Cerveza especial blue Salitos botella 33 cl",
    "precio_unitario": "1,75 €",
    "precio_por_unidad": "(5,30 €/L)",
    "imagen": "https://www.dia.es/product_images/282767/282767_ISO_0_ES.jpg?imwidth=392"
  },
  {
    "categoria": "Cervezas especiales",
    "nombre": "Cerveza Budweiser botella 6 x 25 cl",
    "precio_unitario": "4,69 €",
    "precio_por_unidad": "(3,13 €/L)",
    "imagen": "https://www.dia.es/product_images/11953/11953_ISO_0_ES.jpg?imwidth=392"
  },
  {
    "categoria": "Cervezas especiales",
    "nombre": "Cerveza especial negra Ramblers de Dia pack 6 x 33 cl",
    "precio_unitario": "3,18 €",
    "precio_por_unidad": "(1,61 €/L)",
    "imagen": "https://www.dia.es/product_images/88004P6/88004P6_ISO_0_ES.jpg?imwidth=392"
  },
  {
    "categoria": "Cervezas especiales",
    "nombre": "Cerveza especial negra Ramblers de Dia lata 33 cl",
    "precio_unitario": "0,53 €",
    "precio_por_unidad": "(1,61 €/L)",
    "imagen": "https://www.dia.es/product_images/88004/88004_ISO_0_ES.jpg?imwidth=392"
  },
  {
    "categoria": "Cervezas especiales",
    "nombre": "Cerveza pura malta 1516 Ramblers de Dia lata 50 cl",
    "precio_unitario": "0,65 €",
    "precio_por_unidad": "(1,30 €/L)",
    "imagen": "https://www.dia.es/product_images/5855/5855_ISO_0_ES.jpg?imwidth=392"
  },
  {
    "categoria": "Cervezas especiales",
    "nombre": "Cerveza Budweiser lata 33 cl",
    "precio_unitario": "0,95 €",
    "precio_por_unidad": "(2,88 €/L)",
    "imagen": "https://www.dia.es/product_images/45210/45210_ISO_0_ES.jpg?imwidth=392"
  },
  {
    "categoria": "Cervezas especiales",
    "nombre": "Cerveza tostada doble lúpulo Mahou Maestra pack 6 x 25 cl",
    "precio_unitario": "5,59 €",
    "precio_por_unidad": "(3,73 €/L)",
    "imagen": "https://www.dia.es/product_images/301600/301600_ISO_0_ES.jpg?imwidth=392"
  },
  {
    "categoria": "Cervezas especiales",
    "nombre": "Cerveza sin filtrar Ramblers de Dia lata 33 cl",
    "precio_unitario": "0,49 €",
    "precio_por_unidad": "(1,48 €/L)",
    "imagen": "https://www.dia.es/product_images/300377/300377_ISO_0_ES.jpg?imwidth=392"
  },
  {
    "categoria": "Cervezas especiales",
    "nombre": "Cerveza ipa Ambar lata 33 cl",
    "precio_unitario": "1,29 €",
    "precio_por_unidad": "(3,91 €/L)",
    "imagen": "https://www.dia.es/product_images/298073/298073_ISO_0_ES.jpg?imwidth=392"
  },
  {
    "categoria": "Cervezas especiales",
    "nombre": "Cerveza rubia Pilsner Urquell lata 33 cl",
    "precio_unitario": "1,39 €",
    "precio_por_unidad": "(4,21 €/L)",
    "imagen": "https://www.dia.es/product_images/295980/295980_ISO_0_ES.jpg?imwidth=392"
  },
  {
    "categoria": "Cervezas especiales",
    "nombre": "Cerveza morena tostada suavemente Ambar lata 33 cl",
    "precio_unitario": "0,95 €",
    "precio_por_unidad": "(2,88 €/L)",
    "imagen": "https://www.dia.es/product_images/295979/295979_ISO_0_ES.jpg?imwidth=392"
  },
  {
    "categoria": "Cervezas especiales",
    "nombre": "Cerveza rosé Mahou lata 33 cl",
    "precio_unitario": "0,89 €",
    "precio_por_unidad": "(2,70 €/L)",
    "imagen": "https://www.dia.es/product_images/295266/295266_ISO_0_ES.jpg?imwidth=392"
  },
  {
    "categoria": "Cervezas especiales",
    "nombre": "Cerveza 0,0 alcohol Corona botella 33 cl",
    "precio_unitario": "1,60 €",
    "precio_por_unidad": "(4,85 €/L)",
    "imagen": "https://www.dia.es/product_images/293455/293455_ISO_0_ES.jpg?imwidth=392"
  },
  {
    "categoria": "Cervezas especiales",
    "nombre": "Cerveza ipa Arriaca lata 33 cl",
    "precio_unitario": "1,75 €",
    "precio_por_unidad": "(5,30 €/L)",
    "imagen": "https://www.dia.es/product_images/291165/291165_ISO_0_ES.jpg?imwidth=392"
  },
  {
    "categoria": "Cervezas especiales",
    "nombre": "Cerveza artesana all day ipa Founders lata 33 cl",
    "precio_unitario": "1,89 €",
    "precio_por_unidad": "(5,73 €/L)",
    "imagen": "https://www.dia.es/product_images/284286/284286_ISO_0_ES.jpg?imwidth=392"
  },
  {
    "categoria": "Cervezas especiales",
    "nombre": "Cerveza especial pink Salitos pack 6 x 33 cl",
    "precio_unitario": "10,50 €",
    "precio_por_unidad": "(5,30 €/L)",
    "imagen": "https://www.dia.es/product_images/282768P6/282768P6_ISO_0_ES.jpg?imwidth=392"
  },
  {
    "categoria": "Cervezas especiales",
    "nombre": "Cerveza especial pink Salitos botella 33 cl",
    "precio_unitario": "1,75 €",
    "precio_por_unidad": "(5,30 €/L)",
    "imagen": "https://www.dia.es/product_images/282768/282768_ISO_0_ES.jpg?imwidth=392"
  },
  {
    "categoria": "Cervezas especiales",
    "nombre": "Cerveza especial blue Salitos pack 6 x 33 cl",
    "precio_unitario": "10,50 €",
    "precio_por_unidad": "(5,30 €/L)",
    "imagen": "https://www.dia.es/product_images/282767P6/282767P6_ISO_0_ES.jpg?imwidth=392"
  },
  {
    "categoria": "Cervezas especiales",
    "nombre": "Cerveza artesana ipa Ramblers de Dia botella 33 cl",
    "precio_unitario": "1,30 €",
    "precio_por_unidad": "(3,94 €/L)",
    "imagen": "https://www.dia.es/product_images/282650/282650_ISO_0_ES.jpg?imwidth=392"
  },
  {
    "categoria": "Cervezas especiales",
    "nombre": "Cerveza extra San Miguel Selecta botella 33 cl",
    "precio_unitario": "1,00 €",
    "precio_por_unidad": "(3,03 €/L)",
    "imagen": "https://www.dia.es/product_images/27826/27826_ISO_0_ES.jpg?imwidth=392"
  },
  {
    "categoria": "Cervezas especiales",
    "nombre": "Cerveza especial extreme 8.6 lata 50 cl",
    "precio_unitario": "1,45 €",
    "precio_por_unidad": "(2,90 €/L)",
    "imagen": "https://www.dia.es/product_images/277268/277268_ISO_0_ES.jpg?imwidth=392"
  },
  {
    "categoria": "Cervezas especiales",
    "nombre": "Cerveza especial original 8.6 lata 50 cl",
    "precio_unitario": "1,35 €",
    "precio_por_unidad": "(2,70 €/L)",
    "imagen": "https://www.dia.es/product_images/277265/277265_ISO_0_ES.jpg?imwidth=392"
  },
  {
    "categoria": "Cervezas especiales",
    "nombre": "Cerveza rubia genuine draft Miller botella 33 cl",
    "precio_unitario": "1,29 €",
    "precio_por_unidad": "(3,91 €/L)",
    "imagen": "https://www.dia.es/product_images/277264/277264_ISO_0_ES.jpg?imwidth=392"
  },
  {
    "categoria": "Cervezas especiales",
    "nombre": "Cerveza especial indian ipa La sagra botella 33 cl",
    "precio_unitario": "1,99 €",
    "precio_por_unidad": "(6,03 €/L)",
    "imagen": "https://www.dia.es/product_images/277137/277137_ISO_0_ES.jpg?imwidth=392"
  },
  {
    "categoria": "Cervezas especiales",
    "nombre": "Cerveza ipa Mahou lata 33 cl",
    "precio_unitario": "1,10 €",
    "precio_por_unidad": "(3,33 €/L)",
    "imagen": "https://www.dia.es/product_images/263959/263959_ISO_0_ES.jpg?imwidth=392"
  },
  {
    "categoria": "Cervezas especiales",
    "nombre": "Cerveza brune Leffe botella 33 cl",
    "precio_unitario": "2,19 €",
    "precio_por_unidad": "(6,64 €/L)",
    "imagen": "https://www.dia.es/product_images/258303/258303_ISO_0_ES.jpg?imwidth=392"
  },
  {
    "categoria": "Cervezas especiales",
    "nombre": "Cerveza bourbon Mahou Barrica botella 33 cl",
    "precio_unitario": "2,49 €",
    "precio_por_unidad": "(7,55 €/L)",
    "imagen": "https://www.dia.es/product_images/256430/256430_ISO_0_ES.jpg?imwidth=392"
  },
  {
    "categoria": "Cervezas especiales",
    "nombre": "Cerveza lager dunkel Mahou Maestra botella 33 cl",
    "precio_unitario": "1,49 €",
    "precio_por_unidad": "(4,52 €/L)",
    "imagen": "https://www.dia.es/product_images/253594/253594_ISO_0_ES.jpg?imwidth=392"
  },
  {
    "categoria": "Cervezas especiales",
    "nombre": "Cerveza Mahou Barrica botella 33 cl",
    "precio_unitario": "1,99 €",
    "precio_por_unidad": "(6,03 €/L)",
    "imagen": "https://www.dia.es/product_images/232577/232577_ISO_0_ES.jpg?imwidth=392"
  },
  {
    "categoria": "Cervezas especiales",
    "nombre": "Cerveza tostada doble lúpulo Mahou Maestra botella 33 cl",
    "precio_unitario": "1,39 €",
    "precio_por_unidad": "(4,21 €/L)",
    "imagen": "https://www.dia.es/product_images/230340/230340_ISO_0_ES.jpg?imwidth=392"
  },
  {
    "categoria": "Cervezas especiales",
    "nombre": "Cerveza roja reserva Alhambra botella 4 x 33 cl",
    "precio_unitario": "5,99 €",
    "precio_por_unidad": "(4,54 €/L)",
    "imagen": "https://www.dia.es/product_images/229047/229047_ISO_0_ES.jpg?imwidth=392"
  },
  {
    "categoria": "Cervezas especiales",
    "nombre": "Cerveza mexicana Coronita botella 6 x 21 cl",
    "precio_unitario": "5,69 €",
    "precio_por_unidad": "(4,52 €/L)",
    "imagen": "https://www.dia.es/product_images/225368/225368_ISO_0_ES.jpg?imwidth=392"
  },
  {
    "categoria": "Cervezas especiales",
    "nombre": "Cerveza Stella Artois botella 33 cl",
    "precio_unitario": "1,69 €",
    "precio_por_unidad": "(5,12 €/L)",
    "imagen": "https://www.dia.es/product_images/224696/224696_ISO_0_ES.jpg?imwidth=392"
  },
  {
    "categoria": "Cervezas especiales",
    "nombre": "Cerveza red vintage 1906 botella 6 x 33 cl",
    "precio_unitario": "7,59 €",
    "precio_por_unidad": "(3,83 €/L)",
    "imagen": "https://www.dia.es/product_images/189330/189330_ISO_0_ES.jpg?imwidth=392"
  },
  {
    "categoria": "Cervezas especiales",
    "nombre": "Cerveza doble malta Voll Damm botella 6 x 25 cl",
    "precio_unitario": "5,49 €",
    "precio_por_unidad": "(3,66 €/L)",
    "imagen": "https://www.dia.es/product_images/1885/1885_ISO_0_ES.jpg?imwidth=392"
  },
  {
    "categoria": "Cervezas especiales",
    "nombre": "Cerveza especial sin gluten Ambar botella 33 cl",
    "precio_unitario": "1,29 €",
    "precio_por_unidad": "(3,91 €/L)",
    "imagen": "https://www.dia.es/product_images/187040/187040_ISO_0_ES.jpg?imwidth=392"
  },
  {
    "categoria": "Cervezas especiales",
    "nombre": "Cerveza reserva especial 1906 lata 33 cl",
    "precio_unitario": "0,97 €",
    "precio_por_unidad": "(2,94 €/L)",
    "imagen": "https://www.dia.es/product_images/125144/125144_ISO_0_ES.jpg?imwidth=392"
  },
  {
    "categoria": "Cervezas sin alcohol",
    "nombre": "Cerveza tostada 0,0% alcohol Ramblers de Dia pack 12 x 33 cl",
    "precio_unitario": "5,52 €",
    "precio_por_unidad": "(1,39 €/L)",
    "imagen": "https://www.dia.es/product_images/275859P12/275859P12_ISO_0_ES.jpg?imwidth=392"
  },
  {
    "categoria": "Cervezas sin alcohol",
    "nombre": "Cerveza tostada 0,0% alcohol Mahou lata 12 x 33 cl",
    "precio_unitario": "9,49 €",
    "precio_por_unidad": "(2,40 €/L)",
    "imagen": "https://www.dia.es/product_images/259450/259450_ISO_0_ES.jpg?imwidth=392"
  },
  {
    "categoria": "Cervezas sin alcohol",
    "nombre": "Cerveza 0,0% alcohol Ramblers de Dia lata 33 cl",
    "precio_unitario": "0,35 €",
    "precio_por_unidad": "(1,06 €/L)",
    "imagen": "https://www.dia.es/product_images/54701/54701_ISO_0_ES.jpg?imwidth=392"
  },
  {
    "categoria": "Cervezas sin alcohol",
    "nombre": "Cerveza radler con limón 0,0% alcohol Amstel lata 33 cl",
    "precio_unitario": "0,79 €",
    "precio_por_unidad": "(2,39 €/L)",
    "imagen": "https://www.dia.es/product_images/248453/248453_ISO_0_ES.jpg?imwidth=392"
  },
  {
    "categoria": "Cervezas sin alcohol",
    "nombre": "Cerveza sin alcohol Mahou botella 6 x 25 cl",
    "precio_unitario": "2,89 €",
    "precio_por_unidad": "(1,93 €/L)",
    "imagen": "https://www.dia.es/product_images/10363/10363_ISO_0_ES.jpg?imwidth=392"
  },
  {
    "categoria": "Cervezas sin alcohol",
    "nombre": "Cerveza triple zero tostada 0.0% alcohol Ambar lata 33 cl",
    "precio_unitario": "0,79 €",
    "precio_por_unidad": "(2,39 €/L)",
    "imagen": "https://www.dia.es/product_images/274605/274605_ISO_0_ES.jpg?imwidth=392"
  },
  {
    "categoria": "Cervezas sin alcohol",
    "nombre": "Cerveza 0,0% alcohol Ramblers de Dia pack 12 x 33 cl",
    "precio_unitario": "4,20 €",
    "precio_por_unidad": "(1,06 €/L)",
    "imagen": "https://www.dia.es/product_images/54701P12/54701P12_ISO_0_ES.jpg?imwidth=392"
  },
  {
    "categoria": "Cervezas sin alcohol",
    "nombre": "Cerveza tostada 0,0% alcohol Ramblers de Dia lata 33 cl",
    "precio_unitario": "0,46 €",
    "precio_por_unidad": "(1,39 €/L)",
    "imagen": "https://www.dia.es/product_images/275859/275859_ISO_0_ES.jpg?imwidth=392"
  },
  {
    "categoria": "Cervezas sin alcohol",
    "nombre": "Cerveza sabor limón shandy sin alcohol Ramblers de Dia pack 12 x 33 cl",
    "precio_unitario": "3,96 €",
    "precio_por_unidad": "(1,00 €/L)",
    "imagen": "https://www.dia.es/product_images/81852P12/81852P12_ISO_0_ES.jpg?imwidth=392"
  },
  {
    "categoria": "Cervezas sin alcohol",
    "nombre": "Cerveza tostada 0,0% alcohol Amstel Oro lata 33 cl",
    "precio_unitario": "0,89 €",
    "precio_por_unidad": "(2,70 €/L)",
    "imagen": "https://www.dia.es/product_images/260302/260302_ISO_0_ES.jpg?imwidth=392"
  },
  {
    "categoria": "Cervezas sin alcohol",
    "nombre": "Cerveza tostada 0,0% alcohol Mahou lata 33 cl",
    "precio_unitario": "0,85 €",
    "precio_por_unidad": "(2,58 €/L)",
    "imagen": "https://www.dia.es/product_images/237317/237317_ISO_0_ES.jpg?imwidth=392"
  },
  {
    "categoria": "Cervezas sin alcohol",
    "nombre": "Cerveza tostada 0,0% alcohol Mahou botella 6 x 25 cl",
    "precio_unitario": "4,29 €",
    "precio_por_unidad": "(2,86 €/L)",
    "imagen": "https://www.dia.es/product_images/258078/258078_ISO_0_ES.jpg?imwidth=392"
  },
  {
    "categoria": "Cervezas sin alcohol",
    "nombre": "Cerveza sin filtrar 0,0 El aguila lata 33 cl",
    "precio_unitario": "0,85 €",
    "precio_por_unidad": "(2,58 €/L)",
    "imagen": "https://www.dia.es/product_images/303646/303646_ISO_0_ES.jpg?imwidth=392"
  },
  {
    "categoria": "Cervezas sin alcohol",
    "nombre": "Cerveza tostada 0,0% alcohol Ramblers de Dia pack 6 x 25 cl",
    "precio_unitario": "2,99 €",
    "precio_por_unidad": "(1,99 €/L)",
    "imagen": "https://www.dia.es/product_images/300379/300379_ISO_0_ES.jpg?imwidth=392"
  },
  {
    "categoria": "Cervezas sin alcohol",
    "nombre": "Cerveza 0,0 alcohol Corona botella 33 cl",
    "precio_unitario": "1,60 €",
    "precio_por_unidad": "(4,85 €/L)",
    "imagen": "https://www.dia.es/product_images/293455/293455_ISO_0_ES.jpg?imwidth=392"
  },
  {
    "categoria": "Cervezas sin alcohol",
    "nombre": "Cerveza 0,0% alcohol Heineken lata 33 cl",
    "precio_unitario": "0,85 €",
    "precio_por_unidad": "(2,58 €/L)",
    "imagen": "https://www.dia.es/product_images/236249/236249_ISO_0_ES.jpg?imwidth=392"
  },
  {
    "categoria": "Cervezas sin alcohol",
    "nombre": "Cerveza sin alcohol Mahou lata 33 cl",
    "precio_unitario": "0,70 €",
    "precio_por_unidad": "(2,12 €/L)",
    "imagen": "https://www.dia.es/product_images/29352/29352_ISO_0_ES.jpg?imwidth=392"
  },
  {
    "categoria": "Cervezas sin alcohol",
    "nombre": "Cerveza tostada 0,0% alcohol San Miguel lata 33 cl",
    "precio_unitario": "0,75 €",
    "precio_por_unidad": "(2,27 €/L)",
    "imagen": "https://www.dia.es/product_images/289660/289660_ISO_0_ES.jpg?imwidth=392"
  },
  {
    "categoria": "Cervezas sin alcohol",
    "nombre": "Cerveza sabor limón shandy sin alcohol Ramblers de Dia lata 33 cl",
    "precio_unitario": "0,33 €",
    "precio_por_unidad": "(1,00 €/L)",
    "imagen": "https://www.dia.es/product_images/81852/81852_ISO_0_ES.jpg?imwidth=392"
  },
  {
    "categoria": "Cervezas sin alcohol",
    "nombre": "Cerveza triple zero Ambar lata 33 cl",
    "precio_unitario": "0,75 €",
    "precio_por_unidad": "(2,27 €/L)",
    "imagen": "https://www.dia.es/product_images/57520/57520_ISO_0_ES.jpg?imwidth=392"
  },
  {
    "categoria": "Cervezas sin alcohol",
    "nombre": "Cerveza 0,0% alcohol Buckler lata 33 cl",
    "precio_unitario": "0,79 €",
    "precio_por_unidad": "(2,39 €/L)",
    "imagen": "https://www.dia.es/product_images/54617/54617_ISO_0_ES.jpg?imwidth=392"
  },
  {
    "categoria": "Cervezas sin alcohol",
    "nombre": "Cerveza 0,0% alcohol San Miguel botella 6 x 25 cl",
    "precio_unitario": "2,99 €",
    "precio_por_unidad": "(1,99 €/L)",
    "imagen": "https://www.dia.es/product_images/29359/29359_ISO_0_ES.jpg?imwidth=392"
  },
  {
    "categoria": "Cervezas sin alcohol",
    "nombre": "Cerveza 0,0% alcohol San Miguel lata 33 cl",
    "precio_unitario": "0,69 €",
    "precio_por_unidad": "(2,09 €/L)",
    "imagen": "https://www.dia.es/product_images/29358/29358_ISO_0_ES.jpg?imwidth=392"
  },
  {
    "categoria": "Cervezas sin alcohol",
    "nombre": "Cerveza radler con limón 0,0% alcohol Amstel lata 12 x 33 cl",
    "precio_unitario": "8,99 €",
    "precio_por_unidad": "(2,27 €/L)",
    "imagen": "https://www.dia.es/product_images/277449/277449_ISO_0_ES.jpg?imwidth=392"
  },
  {
    "categoria": "Cervezas sin alcohol",
    "nombre": "Cerveza 0,0% alcohol Heineken lata 12 x 33 cl",
    "precio_unitario": "9,75 €",
    "precio_por_unidad": "(2,46 €/L)",
    "imagen": "https://www.dia.es/product_images/277445/277445_ISO_0_ES.jpg?imwidth=392"
  },
  {
    "categoria": "Cervezas sin alcohol",
    "nombre": "Malta Pony lata 33 cl",
    "precio_unitario": "1,00 €",
    "precio_por_unidad": "(3,03 €/L)",
    "imagen": "https://www.dia.es/product_images/259683/259683_ISO_0_ES.jpg?imwidth=392"
  },
  {
    "categoria": "Cervezas sin alcohol",
    "nombre": "Cerveza 0,0% alcohol Amstel lata 33 cl",
    "precio_unitario": "0,69 €",
    "precio_por_unidad": "(2,09 €/L)",
    "imagen": "https://www.dia.es/product_images/132505/132505_ISO_0_ES.jpg?imwidth=392"
  },
  {
    "categoria": "Cervezas sin alcohol",
    "nombre": "Cerveza radler con limón 0,0% alcohol San Miguel lata 33 cl",
    "precio_unitario": "0,70 €",
    "precio_por_unidad": "(2,12 €/L)",
    "imagen": "https://www.dia.es/product_images/125715/125715_ISO_0_ES.jpg?imwidth=392"
  },
  {
    "categoria": "Tinto de verano y sangría",
    "nombre": "Tinto de verano sin alcohol con limón Dia botella 1.5 l",
    "precio_unitario": "0,90 €",
    "precio_por_unidad": "(0,60 €/L)",
    "imagen": "https://www.dia.es/product_images/271563/271563_ISO_0_ES.jpg?imwidth=392"
  },
  {
    "categoria": "Tinto de verano y sangría",
    "nombre": "Tinto de verano con limón Dia botella 1.5 l",
    "precio_unitario": "1,00 €",
    "precio_por_unidad": "(0,67 €/L)",
    "imagen": "https://www.dia.es/product_images/83978/83978_ISO_0_ES.jpg?imwidth=392"
  },
  {
    "categoria": "Tinto de verano y sangría",
    "nombre": "Tinto de verano limón La Casera botella 1.5 l",
    "precio_unitario": "2,29 €",
    "precio_por_unidad": "(1,53 €/L)",
    "imagen": "https://www.dia.es/product_images/82850/82850_ISO_0_ES.jpg?imwidth=392"
  },
  {
    "categoria": "Tinto de verano y sangría",
    "nombre": "Tinto de verano limón Don Simón botella 1.5 l",
    "precio_unitario": "1,65 €",
    "precio_por_unidad": "(1,10 €/L)",
    "imagen": "https://www.dia.es/product_images/112380/112380_ISO_0_ES.jpg?imwidth=392"
  },
  {
    "categoria": "Tinto de verano y sangría",
    "nombre": "Tinto de verano clásico Dia botella 1.5 l",
    "precio_unitario": "1,05 €",
    "precio_por_unidad": "(0,70 €/L)",
    "imagen": "https://www.dia.es/product_images/82389/82389_ISO_0_ES.jpg?imwidth=392"
  },
  {
    "categoria": "Tinto de verano y sangría",
    "nombre": "Sangría Dia botella 1.5 l",
    "precio_unitario": "1,60 €",
    "precio_por_unidad": "(1,07 €/L)",
    "imagen": "https://www.dia.es/product_images/5962/5962_ISO_0_ES.jpg?imwidth=392"
  },
  {
    "categoria": "Tinto de verano y sangría",
    "nombre": "Sangría Don Simón botella 1.5 l",
    "precio_unitario": "2,09 €",
    "precio_por_unidad": "(1,39 €/L)",
    "imagen": "https://www.dia.es/product_images/66989/66989_ISO_0_ES.jpg?imwidth=392"
  },
  {
    "categoria": "Tinto de verano y sangría",
    "nombre": "Tinto de verano La Casera botella 1.5 l",
    "precio_unitario": "2,29 €",
    "precio_por_unidad": "(1,53 €/L)",
    "imagen": "https://www.dia.es/product_images/22159/22159_ISO_0_ES.jpg?imwidth=392"
  },
  {
    "categoria": "Vino tinto",
    "nombre": "Vino tinto joven D.O. Valdepeñas Viña Danza botella 75 cl",
    "precio_unitario": "1,79 €",
    "precio_por_unidad": "(2,39 €/L)",
    "imagen": "https://www.dia.es/product_images/263598/263598_ISO_0_ES.jpg?imwidth=392"
  },
  {
    "categoria": "Vino tinto",
    "nombre": "Vino tinto cabernet sauvignon IGP Señorío de Ayerbe botella 75 cl",
    "precio_unitario": "2,90 €",
    "precio_por_unidad": "(3,87 €/L)",
    "imagen": "https://www.dia.es/product_images/297273/297273_ISO_0_ES.jpg?imwidth=392"
  },
  {
    "categoria": "Vino tinto",
    "nombre": "Vino tinto Castillo de Velasco brik 1 l",
    "precio_unitario": "1,05 €",
    "precio_por_unidad": "(1,05 €/L)",
    "imagen": "https://www.dia.es/product_images/112887/112887_ISO_0_ES.jpg?imwidth=392"
  },
  {
    "categoria": "Vino tinto",
    "nombre": "Vino tinto roble D.O. Toro Campo curero botella 75 cl",
    "precio_unitario": "2,99 €",
    "precio_por_unidad": "(3,99 €/L)",
    "imagen": "https://www.dia.es/product_images/263722/263722_ISO_0_ES.jpg?imwidth=392"
  },
  {
    "categoria": "Vino tinto",
    "nombre": "Vino tinto crianza D.O. Valdepeñas Viña Danza botella 75 cl",
    "precio_unitario": "2,19 €",
    "precio_por_unidad": "(2,92 €/L)",
    "imagen": "https://www.dia.es/product_images/263599/263599_ISO_0_ES.jpg?imwidth=392"
  },
  {
    "categoria": "Vino tinto",
    "nombre": "Vino tinto ecológico D.O. Jumilla Sismicus botella 75 cl",
    "precio_unitario": "2,99 €",
    "precio_por_unidad": "(3,99 €/L)",
    "imagen": "https://www.dia.es/product_images/267012/267012_ISO_0_ES.jpg?imwidth=392"
  },
  {
    "categoria": "Vino tinto",
    "nombre": "Vino tinto reserva D.O. Valdepeñas Viña Danza botella 75 cl",
    "precio_unitario": "2,69 €",
    "precio_por_unidad": "(3,59 €/L)",
    "imagen": "https://www.dia.es/product_images/262787/262787_ISO_0_ES.jpg?imwidth=392"
  },
  {
    "categoria": "Vino tinto",
    "nombre": "Vino tinto viñas viejas D.O Toro Campo curero botella 75 cl",
    "precio_unitario": "4,99 €",
    "precio_por_unidad": "(6,65 €/L)",
    "imagen": "https://www.dia.es/product_images/262763/262763_ISO_0_ES.jpg?imwidth=392"
  },
  {
    "categoria": "Vino tinto",
    "nombre": "Vino tinto joven D.O. Jumilla Sismicus botella 75 cl",
    "precio_unitario": "1,99 €",
    "precio_por_unidad": "(2,65 €/L)",
    "imagen": "https://www.dia.es/product_images/267011/267011_ISO_0_ES.jpg?imwidth=392"
  },
  {
    "categoria": "Vino tinto",
    "nombre": "Vino tinto reserva Faustino Rivero botella 75 cl",
    "precio_unitario": "3,37 €",
    "precio_por_unidad": "(4,49 €/L)",
    "imagen": "https://www.dia.es/product_images/218564/218564_ISO_0_ES.jpg?imwidth=392"
  },
  {
    "categoria": "Vino tinto",
    "nombre": "Vino tinto crianza D.O. Valdepeñas Viña Albalí botella 75 cl",
    "precio_unitario": "2,95 €",
    "precio_por_unidad": "(3,93 €/L)",
    "imagen": "https://www.dia.es/product_images/102900/102900_ISO_0_ES.jpg?imwidth=392"
  },
  {
    "categoria": "Vino tinto",
    "nombre": "Vino tinto joven D.O. La Mancha Ribera de Algodor botella 75 cl",
    "precio_unitario": "1,35 €",
    "precio_por_unidad": "(1,80 €/L)",
    "imagen": "https://www.dia.es/product_images/28638/28638_ISO_0_ES.jpg?imwidth=392"
  },
  {
    "categoria": "Vino tinto",
    "nombre": "Vino tinto Valle rojo garrafa 5 l",
    "precio_unitario": "5,20 €",
    "precio_por_unidad": "(1,04 €/L)",
    "imagen": "https://www.dia.es/product_images/296347/296347_ISO_0_ES.jpg?imwidth=392"
  },
  {
    "categoria": "Vino tinto",
    "nombre": "Vino tinto roble D.O. Ribera del Duero Arco del Sol botella 75 cl",
    "precio_unitario": "3,65 €",
    "precio_por_unidad": "(4,87 €/L)",
    "imagen": "https://www.dia.es/product_images/263700/263700_ISO_0_ES.jpg?imwidth=392"
  },
  {
    "categoria": "Vino tinto",
    "nombre": "Vino tinto crianza D.O Rioja Ramón Bilbao botella 75 cl",
    "precio_unitario": "9,99 €",
    "precio_por_unidad": "(13,32 €/L)",
    "imagen": "https://www.dia.es/product_images/176701/176701_ISO_0_ES.jpg?imwidth=392"
  },
  {
    "categoria": "Vino tinto",
    "nombre": "Vino tinto crianza D.O. Rioja El coto botella 75 cl",
    "precio_unitario": "6,30 €",
    "precio_por_unidad": "(8,40 €/L)",
    "imagen": "https://www.dia.es/product_images/102921/102921_ISO_0_ES.jpg?imwidth=392"
  },
  {
    "categoria": "Vino tinto",
    "nombre": "Vino tinto Habla de la tierra botella 75 cl",
    "precio_unitario": "8,25 €",
    "precio_por_unidad": "(11,00 €/L)",
    "imagen": "https://www.dia.es/product_images/225578/225578_ISO_0_ES.jpg?imwidth=392"
  },
  {
    "categoria": "Vino tinto",
    "nombre": "Vino tinto roble D.O. Ribera del Duero Protos botella 75 cl",
    "precio_unitario": "9,50 €",
    "precio_por_unidad": "(12,67 €/L)",
    "imagen": "https://www.dia.es/product_images/132499/132499_ISO_0_ES.jpg?imwidth=392"
  },
  {
    "categoria": "Vino tinto",
    "nombre": "Vino tinto de la tierra de Extremadura  Viña Tabora baginbox 3 l",
    "precio_unitario": "4,99 €",
    "precio_por_unidad": "(1,66 €/L)",
    "imagen": "https://www.dia.es/product_images/4740/4740_ISO_0_ES.jpg?imwidth=392"
  },
  {
    "categoria": "Vino tinto",
    "nombre": "Vino tinto crianza D.O. Rioja Campo viejo botella 75 cl",
    "precio_unitario": "5,77 €",
    "precio_por_unidad": "(7,69 €/L)",
    "imagen": "https://www.dia.es/product_images/50657/50657_ISO_0_ES.jpg?imwidth=392"
  },
  {
    "categoria": "Vino blanco",
    "nombre": "Vino blanco D.O. Valdepeñas Viña Danza botella 75 cl",
    "precio_unitario": "1,69 €",
    "precio_por_unidad": "(2,25 €/L)",
    "imagen": "https://www.dia.es/product_images/263597/263597_ISO_0_ES.jpg?imwidth=392"
  },
  {
    "categoria": "Vino blanco",
    "nombre": "Vino blanco sauvignon D.O. Rueda Rioseco botella 75 cl",
    "precio_unitario": "4,49 €",
    "precio_por_unidad": "(5,99 €/L)",
    "imagen": "https://www.dia.es/product_images/265816/265816_ISO_0_ES.jpg?imwidth=392"
  },
  {
    "categoria": "Vino blanco",
    "nombre": "Vino blanco D.O. Ribeiro Mourama botella 75 cl",
    "precio_unitario": "5,49 €",
    "precio_por_unidad": "(7,32 €/L)",
    "imagen": "https://www.dia.es/product_images/272361/272361_ISO_0_ES.jpg?imwidth=392"
  },
  {
    "categoria": "Vino blanco",
    "nombre": "Vino blanco godello D.O. Monterrei Mourama botella 75 cl",
    "precio_unitario": "6,49 €",
    "precio_por_unidad": "(8,65 €/L)",
    "imagen": "https://www.dia.es/product_images/272360/272360_ISO_0_ES.jpg?imwidth=392"
  },
  {
    "categoria": "Vino blanco",
    "nombre": "Vino blanco Castillo de Velasco brik 1 l",
    "precio_unitario": "1,05 €",
    "precio_por_unidad": "(1,05 €/L)",
    "imagen": "https://www.dia.es/product_images/112888/112888_ISO_0_ES.jpg?imwidth=392"
  },
  {
    "categoria": "Vino blanco",
    "nombre": "Vino blanco verdejo frizzante Condominium botella 75 cl",
    "precio_unitario": "2,35 €",
    "precio_por_unidad": "(3,13 €/L)",
    "imagen": "https://www.dia.es/product_images/208412/208412_ISO_0_ES.jpg?imwidth=392"
  },
  {
    "categoria": "Vino blanco",
    "nombre": "Vino blanco verdejo D.O. Rueda Veliterra botella 75 cl",
    "precio_unitario": "2,66 €",
    "precio_por_unidad": "(3,55 €/L)",
    "imagen": "https://www.dia.es/product_images/187127/187127_ISO_0_ES.jpg?imwidth=392"
  },
  {
    "categoria": "Vino blanco",
    "nombre": "Vino blanco verdejo viura D.O. Rueda Vega del Báron botella 75 cl",
    "precio_unitario": "1,90 €",
    "precio_por_unidad": "(2,53 €/L)",
    "imagen": "https://www.dia.es/product_images/26585/26585_ISO_0_ES.jpg?imwidth=392"
  },
  {
    "categoria": "Vino blanco",
    "nombre": "Vino blanco verdejo D.O. Rueda Vega del Báron botella 75 cl",
    "precio_unitario": "2,09 €",
    "precio_por_unidad": "(2,79 €/L)",
    "imagen": "https://www.dia.es/product_images/127644/127644_ISO_0_ES.jpg?imwidth=392"
  },
  {
    "categoria": "Vino blanco",
    "nombre": "Vino blanco Don Simón brik 3 x 18.7 cl",
    "precio_unitario": "1,50 €",
    "precio_por_unidad": "(2,67 €/L)",
    "imagen": "https://www.dia.es/product_images/247002/247002_ISO_0_ES.jpg?imwidth=392"
  },
  {
    "categoria": "Vino blanco",
    "nombre": "Vino blanco semidulce D.O. Rioja Diamante botella 75 cl",
    "precio_unitario": "4,30 €",
    "precio_por_unidad": "(5,73 €/L)",
    "imagen": "https://www.dia.es/product_images/70959/70959_ISO_0_ES.jpg?imwidth=392"
  },
  {
    "categoria": "Vino blanco",
    "nombre": "Vino blanco Don Simón brik 1 l",
    "precio_unitario": "1,60 €",
    "precio_por_unidad": "(1,60 €/L)",
    "imagen": "https://www.dia.es/product_images/154918/154918_ISO_0_ES.jpg?imwidth=392"
  },
  {
    "categoria": "Vino blanco",
    "nombre": "Vino blanco suave y afrutado Oceanus botella 75 cl",
    "precio_unitario": "1,95 €",
    "precio_por_unidad": "(2,60 €/L)",
    "imagen": "https://www.dia.es/product_images/265817/265817_ISO_0_ES.jpg?imwidth=392"
  },
  {
    "categoria": "Vino blanco",
    "nombre": "Vino blue frizzante 7º Condominium botella 75 cl",
    "precio_unitario": "2,49 €",
    "precio_por_unidad": "(3,32 €/L)",
    "imagen": "https://www.dia.es/product_images/265825/265825_ISO_0_ES.jpg?imwidth=392"
  },
  {
    "categoria": "Vino blanco",
    "nombre": "Vino blanco semidulce D.O. Rioja Señorío de Ondas botella 75 cl",
    "precio_unitario": "2,99 €",
    "precio_por_unidad": "(3,99 €/L)",
    "imagen": "https://www.dia.es/product_images/77654/77654_ISO_0_ES.jpg?imwidth=392"
  },
  {
    "categoria": "Vino blanco",
    "nombre": "Vino blanco Castillo de Velasco botella 75 cl",
    "precio_unitario": "1,39 €",
    "precio_por_unidad": "(1,85 €/L)",
    "imagen": "https://www.dia.es/product_images/12931/12931_ISO_0_ES.jpg?imwidth=392"
  },
  {
    "categoria": "Vino blanco",
    "nombre": "Vino blanco chardonnay D.O. Navarra Viña Ardanche botella 75 cl",
    "precio_unitario": "2,45 €",
    "precio_por_unidad": "(3,27 €/L)",
    "imagen": "https://www.dia.es/product_images/265216/265216_ISO_0_ES.jpg?imwidth=392"
  },
  {
    "categoria": "Vino blanco",
    "nombre": "Vino blanco frizzante 5º Condominium botella 75 cl",
    "precio_unitario": "2,49 €",
    "precio_por_unidad": "(3,32 €/L)",
    "imagen": "https://www.dia.es/product_images/265826/265826_ISO_0_ES.jpg?imwidth=392"
  },
  {
    "categoria": "Vino blanco",
    "nombre": "Vino blanco Castillo de Velasco garrafa 2 l",
    "precio_unitario": "2,70 €",
    "precio_por_unidad": "(1,35 €/L)",
    "imagen": "https://www.dia.es/product_images/79739/79739_ISO_0_ES.jpg?imwidth=392"
  },
  {
    "categoria": "Vino blanco",
    "nombre": "Vino fino D.O. Montilla Moriles Singular botella 75 cl",
    "precio_unitario": "2,85 €",
    "precio_por_unidad": "(3,80 €/L)",
    "imagen": "https://www.dia.es/product_images/103230/103230_ISO_0_ES.jpg?imwidth=392"
  },
  {
    "categoria": "Cavas y sidra",
    "nombre": "Cava brut Grand astoria botella 75 cl",
    "precio_unitario": "2,95 €",
    "precio_por_unidad": "(3,93 €/L)",
    "imagen": "https://www.dia.es/product_images/54531/54531_ISO_0_ES.jpg?imwidth=392"
  },
  {
    "categoria": "Cavas y sidra",
    "nombre": "Sidra de manzana Ladrón de manzanas botella 25 cl",
    "precio_unitario": "1,00 €",
    "precio_por_unidad": "(4,00 €/L)",
    "imagen": "https://www.dia.es/product_images/248121/248121_ISO_0_ES.jpg?imwidth=392"
  },
  {
    "categoria": "Cavas y sidra",
    "nombre": "Cava brut nature Jaume Serra botella 75 cl",
    "precio_unitario": "4,25 €",
    "precio_por_unidad": "(5,67 €/L)",
    "imagen": "https://www.dia.es/product_images/116160/116160_ISO_0_ES.jpg?imwidth=392"
  },
  {
    "categoria": "Cavas y sidra",
    "nombre": "Sidra espumosa Sidrallero botella 75 cl",
    "precio_unitario": "1,60 €",
    "precio_por_unidad": "(2,13 €/L)",
    "imagen": "https://www.dia.es/product_images/273424/273424_ISO_0_ES.jpg?imwidth=392"
  },
  {
    "categoria": "Cavas y sidra",
    "nombre": "Sidra El gaitero botella 75 cl",
    "precio_unitario": "2,55 €",
    "precio_por_unidad": "(3,40 €/L)",
    "imagen": "https://www.dia.es/product_images/187062/187062_ISO_0_ES.jpg?imwidth=392"
  },
  {
    "categoria": "Cavas y sidra",
    "nombre": "Cava brut nature Grand astoria botella 75 cl",
    "precio_unitario": "3,95 €",
    "precio_por_unidad": "(5,27 €/L)",
    "imagen": "https://www.dia.es/product_images/3310/3310_ISO_0_ES.jpg?imwidth=392"
  },
  {
    "categoria": "Cavas y sidra",
    "nombre": "Sidra natural Cortina botella 70 cl",
    "precio_unitario": "2,40 €",
    "precio_por_unidad": "(3,43 €/L)",
    "imagen": "https://www.dia.es/product_images/186871/186871_ISO_0_ES.jpg?imwidth=392"
  },
  {
    "categoria": "Cavas y sidra",
    "nombre": "Cava semiseco Freixenet Carta Nevada botella 75 cl",
    "precio_unitario": "6,95 €",
    "precio_por_unidad": "(9,27 €/L)",
    "imagen": "https://www.dia.es/product_images/84786/84786_ISO_0_ES.jpg?imwidth=392"
  },
  {
    "categoria": "Cavas y sidra",
    "nombre": "Cava semiseco Grand astoria botella 75 cl",
    "precio_unitario": "2,95 €",
    "precio_por_unidad": "(3,93 €/L)",
    "imagen": "https://www.dia.es/product_images/3311/3311_ISO_0_ES.jpg?imwidth=392"
  },
  {
    "categoria": "Cavas y sidra",
    "nombre": "Sidra extra El gaitero botella 75 cl",
    "precio_unitario": "3,30 €",
    "precio_por_unidad": "(4,40 €/L)",
    "imagen": "https://www.dia.es/product_images/187064/187064_ISO_0_ES.jpg?imwidth=392"
  },
  {
    "categoria": "Cavas y sidra",
    "nombre": "Cava reserva brut nature Grand astoria botella 75 cl",
    "precio_unitario": "4,45 €",
    "precio_por_unidad": "(5,93 €/L)",
    "imagen": "https://www.dia.es/product_images/265217/265217_ISO_0_ES.jpg?imwidth=392"
  },
  {
    "categoria": "Cavas y sidra",
    "nombre": "Cava Codorníu botella 3 x 20 cl",
    "precio_unitario": "6,99 €",
    "precio_por_unidad": "(11,65 €/L)",
    "imagen": "https://www.dia.es/product_images/43171/43171_ISO_0_ES.jpg?imwidth=392"
  },
  {
    "categoria": "Cavas y sidra",
    "nombre": "Cava brut Codorníu Anna botella 75 cl",
    "precio_unitario": "9,35 €",
    "precio_por_unidad": "(12,47 €/L)",
    "imagen": "https://www.dia.es/product_images/46452/46452_ISO_0_ES.jpg?imwidth=392"
  },
  {
    "categoria": "Cavas y sidra",
    "nombre": "Cava brut Freixenet Cordón Negro botella 75 cl",
    "precio_unitario": "7,99 €",
    "precio_por_unidad": "(10,65 €/L)",
    "imagen": "https://www.dia.es/product_images/84932/84932_ISO_0_ES.jpg?imwidth=392"
  },
  {
    "categoria": "Cavas y sidra",
    "nombre": "Cava semiseco Freixenet Carta Nevada botella 3 x 20 cl",
    "precio_unitario": "6,95 €",
    "precio_por_unidad": "(11,58 €/L)",
    "imagen": "https://www.dia.es/product_images/87666/87666_ISO_0_ES.jpg?imwidth=392"
  },
  {
    "categoria": "Cavas y sidra",
    "nombre": "Cava brut Vía de la Plata botella 75 cl",
    "precio_unitario": "4,99 €",
    "precio_por_unidad": "(6,65 €/L)",
    "imagen": "https://www.dia.es/product_images/188444/188444_ISO_0_ES.jpg?imwidth=392"
  },
  {
    "categoria": "Cavas y sidra",
    "nombre": "Vino espumoso spritz Sandara botella 75 cl",
    "precio_unitario": "4,49 €",
    "precio_por_unidad": "(5,99 €/L)",
    "imagen": "https://www.dia.es/product_images/303675/303675_ISO_0_ES.jpg?imwidth=392"
  },
  {
    "categoria": "Cavas y sidra",
    "nombre": "Cava brut nature Codorníu Anna botella 75 cl",
    "precio_unitario": "9,35 €",
    "precio_por_unidad": "(12,47 €/L)",
    "imagen": "https://www.dia.es/product_images/137101/137101_ISO_0_ES.jpg?imwidth=392"
  },
  {
    "categoria": "Vino rosado",
    "nombre": "Vino rosado lambrusco Dante botella 75 cl",
    "precio_unitario": "2,15 €",
    "precio_por_unidad": "(2,87 €/L)",
    "imagen": "https://www.dia.es/product_images/85255/85255_ISO_0_ES.jpg?imwidth=392"
  },
  {
    "categoria": "Vino rosado",
    "nombre": "Vino frizzante moscato rosado 5,5º Condominium botella 75 cl",
    "precio_unitario": "2,99 €",
    "precio_por_unidad": "(3,99 €/L)",
    "imagen": "https://www.dia.es/product_images/222276/222276_ISO_0_ES.jpg?imwidth=392"
  },
  {
    "categoria": "Vino rosado",
    "nombre": "Vino rosado de aguja Peñascal botella 75 cl",
    "precio_unitario": "3,85 €",
    "precio_por_unidad": "(5,13 €/L)",
    "imagen": "https://www.dia.es/product_images/54991/54991_ISO_0_ES.jpg?imwidth=392"
  },
  {
    "categoria": "Vino rosado",
    "nombre": "Vino rosado D.O. Valdepeñas Viña Danza botella 75 cl",
    "precio_unitario": "1,69 €",
    "precio_por_unidad": "(2,25 €/L)",
    "imagen": "https://www.dia.es/product_images/263818/263818_ISO_0_ES.jpg?imwidth=392"
  },
  {
    "categoria": "Vino rosado",
    "nombre": "Vino rosado lambrusco Flaminia botella 75 cl",
    "precio_unitario": "2,99 €",
    "precio_por_unidad": "(3,99 €/L)",
    "imagen": "https://www.dia.es/product_images/144629/144629_ISO_0_ES.jpg?imwidth=392"
  },
  {
    "categoria": "Vino rosado",
    "nombre": "Vino rosado Castillo de Velasco brik 1 l",
    "precio_unitario": "1,19 €",
    "precio_por_unidad": "(1,19 €/L)",
    "imagen": "https://www.dia.es/product_images/263931/263931_ISO_0_ES.jpg?imwidth=392"
  },
  {
    "categoria": "Vino rosado",
    "nombre": "Vino rosado D.O. Navarra Viña Ardanche botella 75 cl",
    "precio_unitario": "2,10 €",
    "precio_por_unidad": "(2,80 €/L)",
    "imagen": "https://www.dia.es/product_images/13106/13106_ISO_0_ES.jpg?imwidth=392"
  },
  {
    "categoria": "Vino rosado",
    "nombre": "Vino rosado do rioja Faustino Rivero botella 75 cl",
    "precio_unitario": "3,49 €",
    "precio_por_unidad": "(4,65 €/L)",
    "imagen": "https://www.dia.es/product_images/285520/285520_ISO_0_ES.jpg?imwidth=392"
  },
  {
    "categoria": "Vino rosado",
    "nombre": "Vino rosado D.O. Rioja Señorío de Ondas botella 75 cl",
    "precio_unitario": "2,59 €",
    "precio_por_unidad": "(3,45 €/L)",
    "imagen": "https://www.dia.es/product_images/127645/127645_ISO_0_ES.jpg?imwidth=392"
  },
  {
    "categoria": "Vino rosado",
    "nombre": "Vino rosado bobal Pinta en Copas botella 75 cl",
    "precio_unitario": "1,99 €",
    "precio_por_unidad": "(2,65 €/L)",
    "imagen": "https://www.dia.es/product_images/265820/265820_ISO_0_ES.jpg?imwidth=392"
  },
  {
    "categoria": "Vino rosado",
    "nombre": "Vino rosado D.O. Rioja El coto botella 75 cl",
    "precio_unitario": "4,15 €",
    "precio_por_unidad": "(5,53 €/L)",
    "imagen": "https://www.dia.es/product_images/189921/189921_ISO_0_ES.jpg?imwidth=392"
  },
  {
    "categoria": "Vino rosado",
    "nombre": "Vino rosado D.O. Rioja Castillo de Haro botella 75 cl",
    "precio_unitario": "3,25 €",
    "precio_por_unidad": "(4,33 €/L)",
    "imagen": "https://www.dia.es/product_images/263401/263401_ISO_0_ES.jpg?imwidth=392"
  },
  {
    "categoria": "Vino rosado",
    "nombre": "Vino rosado Viñas del Vero botella 75 cl",
    "precio_unitario": "6,10 €",
    "precio_por_unidad": "(8,13 €/L)",
    "imagen": "https://www.dia.es/product_images/187038/187038_ISO_0_ES.jpg?imwidth=392"
  },
  {
    "categoria": "Vino rosado",
    "nombre": "Vino rosado D.O. Navarra Gran feudo botella 75 cl",
    "precio_unitario": "4,79 €",
    "precio_por_unidad": "(6,39 €/L)",
    "imagen": "https://www.dia.es/product_images/114295/114295_ISO_0_ES.jpg?imwidth=392"
  },
  {
    "categoria": "Ginebra y vodka",
    "nombre": "Ginebra Seagram's botella 70 cl",
    "precio_unitario": "16,45 €",
    "precio_por_unidad": "(23,50 €/L)",
    "imagen": "https://www.dia.es/product_images/182580/182580_ISO_0_ES.jpg?imwidth=392"
  },
  {
    "categoria": "Ginebra y vodka",
    "nombre": "Ginebra sabor fresa Barmon's botella 70 cl",
    "precio_unitario": "7,15 €",
    "precio_por_unidad": "(10,21 €/L)",
    "imagen": "https://www.dia.es/product_images/222418/222418_ISO_0_ES.jpg?imwidth=392"
  },
  {
    "categoria": "Ginebra y vodka",
    "nombre": "Vodka cinco destilaciones Mikanoff botella 1 l",
    "precio_unitario": "6,70 €",
    "precio_por_unidad": "(6,70 €/L)",
    "imagen": "https://www.dia.es/product_images/272363/272363_ISO_0_ES.jpg?imwidth=392"
  },
  {
    "categoria": "Ginebra y vodka",
    "nombre": "Vodka Absolut botella 70 cl",
    "precio_unitario": "14,99 €",
    "precio_por_unidad": "(21,41 €/L)",
    "imagen": "https://www.dia.es/product_images/76962/76962_ISO_0_ES.jpg?imwidth=392"
  },
  {
    "categoria": "Ginebra y vodka",
    "nombre": "Ginebra Larios botella 1 l",
    "precio_unitario": "12,99 €",
    "precio_por_unidad": "(12,99 €/L)",
    "imagen": "https://www.dia.es/product_images/174/174_ISO_0_ES.jpg?imwidth=392"
  },
  {
    "categoria": "Ginebra y vodka",
    "nombre": "Ginebra Gordon's botella 70 cl",
    "precio_unitario": "10,99 €",
    "precio_por_unidad": "(15,70 €/L)",
    "imagen": "https://www.dia.es/product_images/6272/6272_ISO_0_ES.jpg?imwidth=392"
  },
  {
    "categoria": "Ginebra y vodka",
    "nombre": "Ginebra Barmon's botella 70 cl",
    "precio_unitario": "5,99 €",
    "precio_por_unidad": "(8,56 €/L)",
    "imagen": "https://www.dia.es/product_images/48710/48710_ISO_0_ES.jpg?imwidth=392"
  },
  {
    "categoria": "Ginebra y vodka",
    "nombre": "Ginebra london dry Beefeater botella 70 cl",
    "precio_unitario": "13,49 €",
    "precio_por_unidad": "(19,27 €/L)",
    "imagen": "https://www.dia.es/product_images/48999/48999_ISO_0_ES.jpg?imwidth=392"
  },
  {
    "categoria": "Ginebra y vodka",
    "nombre": "Ginebra sabor fresa Puerto de Indias botella 70 cl",
    "precio_unitario": "16,45 €",
    "precio_por_unidad": "(23,50 €/L)",
    "imagen": "https://www.dia.es/product_images/209537/209537_ISO_0_ES.jpg?imwidth=392"
  },
  {
    "categoria": "Ginebra y vodka",
    "nombre": "Bebida espirituosa sin alcohol 0,0 Tanqueray botella 70 cl",
    "precio_unitario": "17,49 €",
    "precio_por_unidad": "(24,99 €/L)",
    "imagen": "https://www.dia.es/product_images/277594/277594_ISO_0_ES.jpg?imwidth=392"
  },
  {
    "categoria": "Ginebra y vodka",
    "nombre": "Ginebra Bombay botella 70 cl",
    "precio_unitario": "17,95 €",
    "precio_por_unidad": "(25,64 €/L)",
    "imagen": "https://www.dia.es/product_images/149262/149262_ISO_0_ES.jpg?imwidth=392"
  },
  {
    "categoria": "Ginebra y vodka",
    "nombre": "Ginebra London dry Tanqueray botella 70 cl",
    "precio_unitario": "17,49 €",
    "precio_por_unidad": "(24,99 €/L)",
    "imagen": "https://www.dia.es/product_images/102932/102932_ISO_0_ES.jpg?imwidth=392"
  },
  {
    "categoria": "Ginebra y vodka",
    "nombre": "Vodka con sabor a caramelo Mikanoff botella 70 cl",
    "precio_unitario": "5,69 €",
    "precio_por_unidad": "(8,13 €/L)",
    "imagen": "https://www.dia.es/product_images/116710/116710_ISO_0_ES.jpg?imwidth=392"
  },
  {
    "categoria": "Ginebra y vodka",
    "nombre": "Ginebra premium Larios 12 botella 70 cl",
    "precio_unitario": "14,09 €",
    "precio_por_unidad": "(20,13 €/L)",
    "imagen": "https://www.dia.es/product_images/114299/114299_ISO_0_ES.jpg?imwidth=392"
  },
  {
    "categoria": "Ginebra y vodka",
    "nombre": "Vodka Smirnoff botella 70 cl",
    "precio_unitario": "11,29 €",
    "precio_por_unidad": "(16,13 €/L)",
    "imagen": "https://www.dia.es/product_images/57900/57900_ISO_0_ES.jpg?imwidth=392"
  },
  {
    "categoria": "Ginebra y vodka",
    "nombre": "Pink vodka Eristoff botella 70 cl",
    "precio_unitario": "8,99 €",
    "precio_por_unidad": "(12,84 €/L)",
    "imagen": "https://www.dia.es/product_images/282948/282948_ISO_0_ES.jpg?imwidth=392"
  },
  {
    "categoria": "Ginebra y vodka",
    "nombre": "Ginebra Nordes botella 70 cl",
    "precio_unitario": "26,49 €",
    "precio_por_unidad": "(37,84 €/L)",
    "imagen": "https://www.dia.es/product_images/223716/223716_ISO_0_ES.jpg?imwidth=392"
  },
  {
    "categoria": "Ginebra y vodka",
    "nombre": "Ginebra japonesa Roku botella 70 cl",
    "precio_unitario": "22,49 €",
    "precio_por_unidad": "(32,13 €/L)",
    "imagen": "https://www.dia.es/product_images/258149/258149_ISO_0_ES.jpg?imwidth=392"
  },
  {
    "categoria": "Ginebra y vodka",
    "nombre": "Ginebra cítrica Barmon's botella 70 cl",
    "precio_unitario": "7,79 €",
    "precio_por_unidad": "(11,13 €/L)",
    "imagen": "https://www.dia.es/product_images/272364/272364_ISO_0_ES.jpg?imwidth=392"
  },
  {
    "categoria": "Ginebra y vodka",
    "nombre": "Vodka Eristoff botella 70 cl",
    "precio_unitario": "10,29 €",
    "precio_por_unidad": "(14,70 €/L)",
    "imagen": "https://www.dia.es/product_images/40183/40183_ISO_0_ES.jpg?imwidth=392"
  },
  {
    "categoria": "Brandy",
    "nombre": "Bebida espirituosa tipo brandy Gladiador botella 1 l",
    "precio_unitario": "5,99 €",
    "precio_por_unidad": "(5,99 €/L)",
    "imagen": "https://www.dia.es/product_images/142499/142499_ISO_0_ES.jpg?imwidth=392"
  },
  {
    "categoria": "Brandy",
    "nombre": "Brandy Veterano botella 1 l",
    "precio_unitario": "8,89 €",
    "precio_por_unidad": "(8,89 €/L)",
    "imagen": "https://www.dia.es/product_images/129569/129569_ISO_0_ES.jpg?imwidth=392"
  },
  {
    "categoria": "Brandy",
    "nombre": "Brandy de Jerez Soberano botella 70 cl",
    "precio_unitario": "7,99 €",
    "precio_por_unidad": "(11,41 €/L)",
    "imagen": "https://www.dia.es/product_images/51152/51152_ISO_0_ES.jpg?imwidth=392"
  },
  {
    "categoria": "Brandy",
    "nombre": "Brandy Centenario botella 1 l",
    "precio_unitario": "9,49 €",
    "precio_por_unidad": "(9,49 €/L)",
    "imagen": "https://www.dia.es/product_images/141941/141941_ISO_0_ES.jpg?imwidth=392"
  },
  {
    "categoria": "Brandy",
    "nombre": "Brandy 5 solera reserva Torres botella 70 cl",
    "precio_unitario": "10,50 €",
    "precio_por_unidad": "(15,00 €/L)",
    "imagen": "https://www.dia.es/product_images/119278/119278_ISO_0_ES.jpg?imwidth=392"
  },
  {
    "categoria": "Brandy",
    "nombre": "Brandy de Jerez solera reserva Magno botella 70 cl",
    "precio_unitario": "11,39 €",
    "precio_por_unidad": "(16,27 €/L)",
    "imagen": "https://www.dia.es/product_images/161/161_ISO_0_ES.jpg?imwidth=392"
  },
  {
    "categoria": "Brandy",
    "nombre": "Brandy de Jerez solera Gladiador botella 70 cl",
    "precio_unitario": "6,79 €",
    "precio_por_unidad": "(9,70 €/L)",
    "imagen": "https://www.dia.es/product_images/272367/272367_ISO_0_ES.jpg?imwidth=392"
  },
  {
    "categoria": "Brandy",
    "nombre": "Brandy de Jerez sherry cask Fundador botella 70 cl",
    "precio_unitario": "8,99 €",
    "precio_por_unidad": "(12,84 €/L)",
    "imagen": "https://www.dia.es/product_images/303392/303392_ISO_0_ES.jpg?imwidth=392"
  },
  {
    "categoria": "Brandy",
    "nombre": "Brandy de Jerez solera gran reserva Alma de magno botella 70 cl",
    "precio_unitario": "15,99 €",
    "precio_por_unidad": "(22,84 €/L)",
    "imagen": "https://www.dia.es/product_images/302598/302598_ISO_0_ES.jpg?imwidth=392"
  },
  {
    "categoria": "Vermouth",
    "nombre": "Vermouth rosso Alvini botella 1 l",
    "precio_unitario": "2,69 €",
    "precio_por_unidad": "(2,69 €/L)",
    "imagen": "https://www.dia.es/product_images/13807/13807_ISO_0_ES.jpg?imwidth=392"
  },
  {
    "categoria": "Vermouth",
    "nombre": "Vermouth reserva Topaz botella 75 cl",
    "precio_unitario": "2,70 €",
    "precio_por_unidad": "(3,60 €/L)",
    "imagen": "https://www.dia.es/product_images/291340/291340_ISO_0_ES.jpg?imwidth=392"
  },
  {
    "categoria": "Vermouth",
    "nombre": "Vermouth blanco Alvini botella 1 l",
    "precio_unitario": "2,69 €",
    "precio_por_unidad": "(2,69 €/L)",
    "imagen": "https://www.dia.es/product_images/13806/13806_ISO_0_ES.jpg?imwidth=392"
  },
  {
    "categoria": "Vermouth",
    "nombre": "Vermouth rojo Yzaguirre botella 1 l",
    "precio_unitario": "8,15 €",
    "precio_por_unidad": "(8,15 €/L)",
    "imagen": "https://www.dia.es/product_images/181755/181755_ISO_0_ES.jpg?imwidth=392"
  },
  {
    "categoria": "Vermouth",
    "nombre": "Vermouth rojo Zarro botella 1 l",
    "precio_unitario": "5,79 €",
    "precio_por_unidad": "(5,79 €/L)",
    "imagen": "https://www.dia.es/product_images/254276/254276_ISO_0_ES.jpg?imwidth=392"
  },
  {
    "categoria": "Vermouth",
    "nombre": "Aperitivo Aperol botella 70 cl",
    "precio_unitario": "13,39 €",
    "precio_por_unidad": "(19,13 €/L)",
    "imagen": "https://www.dia.es/product_images/225895/225895_ISO_0_ES.jpg?imwidth=392"
  },
  {
    "categoria": "Vermouth",
    "nombre": "Vermouth rosso Martini botella 1 l",
    "precio_unitario": "10,69 €",
    "precio_por_unidad": "(10,69 €/L)",
    "imagen": "https://www.dia.es/product_images/3733/3733_ISO_0_ES.jpg?imwidth=392"
  },
  {
    "categoria": "Vermouth",
    "nombre": "Vermouth rojo Martini botella 1.5 l",
    "precio_unitario": "13,69 €",
    "precio_por_unidad": "(9,13 €/L)",
    "imagen": "https://www.dia.es/product_images/221608/221608_ISO_0_ES.jpg?imwidth=392"
  },
  {
    "categoria": "Vermouth",
    "nombre": "Vermouth bianco Martini botella 1 l",
    "precio_unitario": "10,69 €",
    "precio_por_unidad": "(10,69 €/L)",
    "imagen": "https://www.dia.es/product_images/49176/49176_ISO_0_ES.jpg?imwidth=392"
  },
  {
    "categoria": "Vermouth",
    "nombre": "Vermouth blanco verdejo 61 botella 75 cl",
    "precio_unitario": "8,99 €",
    "precio_por_unidad": "(11,99 €/L)",
    "imagen": "https://www.dia.es/product_images/280261/280261_ISO_0_ES.jpg?imwidth=392"
  },
  {
    "categoria": "Vermouth",
    "nombre": "Vermouth rojo tempranillo 61 botella 75 cl",
    "precio_unitario": "6,99 €",
    "precio_por_unidad": "(9,32 €/L)",
    "imagen": "https://www.dia.es/product_images/280263/280263_ISO_0_ES.jpg?imwidth=392"
  },
  {
    "categoria": "Vermouth",
    "nombre": "Vermouth rojo Nordés botella 1 cl",
    "precio_unitario": "10,99 €",
    "precio_por_unidad": "(1099,00 €/L)",
    "imagen": "https://www.dia.es/product_images/304154/304154_ISO_0_ES.jpg?imwidth=392"
  },
  {
    "categoria": "Vermouth",
    "nombre": "Vermouth rosso Campari 0.7 l",
    "precio_unitario": "15,20 €",
    "precio_por_unidad": "(21,71 €/L)",
    "imagen": "https://www.dia.es/product_images/186948/186948_ISO_0_ES.jpg?imwidth=392"
  },
  {
    "categoria": "Ron y whisky",
    "nombre": "Whisky Ballantines botella 70 cl",
    "precio_unitario": "12,95 €",
    "precio_por_unidad": "(18,50 €/L)",
    "imagen": "https://www.dia.es/product_images/48997/48997_ISO_0_ES.jpg?imwidth=392"
  },
  {
    "categoria": "Ron y whisky",
    "nombre": "Ron añejo Brugal botella 70 cl",
    "precio_unitario": "15,79 €",
    "precio_por_unidad": "(22,56 €/L)",
    "imagen": "https://www.dia.es/product_images/103423/103423_ISO_0_ES.jpg?imwidth=392"
  },
  {
    "categoria": "Ron y whisky",
    "nombre": "Ron añejo Barceló botella 70 cl",
    "precio_unitario": "15,45 €",
    "precio_por_unidad": "(22,07 €/L)",
    "imagen": "https://www.dia.es/product_images/103004/103004_ISO_0_ES.jpg?imwidth=392"
  },
  {
    "categoria": "Ron y whisky",
    "nombre": "Ron añejo Velero botella 70 cl",
    "precio_unitario": "5,95 €",
    "precio_por_unidad": "(8,50 €/L)",
    "imagen": "https://www.dia.es/product_images/28695/28695_ISO_0_ES.jpg?imwidth=392"
  },
  {
    "categoria": "Ron y whisky",
    "nombre": "Whisky red label Johnnie Walker botella 70 cl",
    "precio_unitario": "15,99 €",
    "precio_por_unidad": "(22,84 €/L)",
    "imagen": "https://www.dia.es/product_images/7772/7772_ISO_0_ES.jpg?imwidth=392"
  },
  {
    "categoria": "Ron y whisky",
    "nombre": "Whisky escocés 3 años Douregal botella 70 cl",
    "precio_unitario": "6,00 €",
    "precio_por_unidad": "(8,57 €/L)",
    "imagen": "https://www.dia.es/product_images/272365/272365_ISO_0_ES.jpg?imwidth=392"
  },
  {
    "categoria": "Ron y whisky",
    "nombre": "Whisky Burned Barrel botella 70 cl",
    "precio_unitario": "5,99 €",
    "precio_por_unidad": "(8,56 €/L)",
    "imagen": "https://www.dia.es/product_images/164521/164521_ISO_0_ES.jpg?imwidth=392"
  },
  {
    "categoria": "Ron y whisky",
    "nombre": "Whisky 8 años Dyc botella 70 cl",
    "precio_unitario": "12,69 €",
    "precio_por_unidad": "(18,13 €/L)",
    "imagen": "https://www.dia.es/product_images/76080/76080_ISO_0_ES.jpg?imwidth=392"
  },
  {
    "categoria": "Ron y whisky",
    "nombre": "Whisky tenessee Jack Daniel's botella 70 cl",
    "precio_unitario": "23,25 €",
    "precio_por_unidad": "(33,21 €/L)",
    "imagen": "https://www.dia.es/product_images/147458/147458_ISO_0_ES.jpg?imwidth=392"
  },
  {
    "categoria": "Ron y whisky",
    "nombre": "Whisky J&b botella 70 cl",
    "precio_unitario": "13,49 €",
    "precio_por_unidad": "(19,27 €/L)",
    "imagen": "https://www.dia.es/product_images/947/947_ISO_0_ES.jpg?imwidth=392"
  },
  {
    "categoria": "Ron y whisky",
    "nombre": "Ron añejo Negrita botella 50 cl",
    "precio_unitario": "6,99 €",
    "precio_por_unidad": "(13,98 €/L)",
    "imagen": "https://www.dia.es/product_images/296009/296009_ISO_0_ES.jpg?imwidth=392"
  },
  {
    "categoria": "Ron y whisky",
    "nombre": "Ron dominicano viejo Velero botella 70 cl",
    "precio_unitario": "8,69 €",
    "precio_por_unidad": "(12,41 €/L)",
    "imagen": "https://www.dia.es/product_images/275862/275862_ISO_0_ES.jpg?imwidth=392"
  },
  {
    "categoria": "Ron y whisky",
    "nombre": "Whisky white label Dewars botella 70 cl",
    "precio_unitario": "14,99 €",
    "precio_por_unidad": "(21,41 €/L)",
    "imagen": "https://www.dia.es/product_images/105834/105834_ISO_0_ES.jpg?imwidth=392"
  },
  {
    "categoria": "Ron y whisky",
    "nombre": "Ron añejo Cacique botella 70 cl",
    "precio_unitario": "14,49 €",
    "precio_por_unidad": "(20,70 €/L)",
    "imagen": "https://www.dia.es/product_images/6069/6069_ISO_0_ES.jpg?imwidth=392"
  },
  {
    "categoria": "Ron y whisky",
    "nombre": "Whisky Dyc botella 1 l",
    "precio_unitario": "15,29 €",
    "precio_por_unidad": "(15,29 €/L)",
    "imagen": "https://www.dia.es/product_images/28640/28640_ISO_0_ES.jpg?imwidth=392"
  },
  {
    "categoria": "Ron y whisky",
    "nombre": "Whisky William Lawson's botella 70 cl",
    "precio_unitario": "10,99 €",
    "precio_por_unidad": "(15,70 €/L)",
    "imagen": "https://www.dia.es/product_images/3732/3732_ISO_0_ES.jpg?imwidth=392"
  },
  {
    "categoria": "Ron y whisky",
    "nombre": "Whisky black label Johnnie Walker botella 70 cl",
    "precio_unitario": "29,99 €",
    "precio_por_unidad": "(42,84 €/L)",
    "imagen": "https://www.dia.es/product_images/186939/186939_ISO_0_ES.jpg?imwidth=392"
  },
  {
    "categoria": "Ron y whisky",
    "nombre": "Ron de coco Malibú botella 70 cl",
    "precio_unitario": "12,59 €",
    "precio_por_unidad": "(17,99 €/L)",
    "imagen": "https://www.dia.es/product_images/70658/70658_ISO_0_ES.jpg?imwidth=392"
  },
  {
    "categoria": "Ron y whisky",
    "nombre": "Whisky 5 años Douregal botella 70 cl",
    "precio_unitario": "8,99 €",
    "precio_por_unidad": "(12,84 €/L)",
    "imagen": "https://www.dia.es/product_images/28694/28694_ISO_0_ES.jpg?imwidth=392"
  },
  {
    "categoria": "Ron y whisky",
    "nombre": "Ron blanco Velero botella 70 cl",
    "precio_unitario": "5,25 €",
    "precio_por_unidad": "(7,50 €/L)",
    "imagen": "https://www.dia.es/product_images/20574/20574_ISO_0_ES.jpg?imwidth=392"
  },
  {
    "categoria": "Cremas y licores",
    "nombre": "Licor de crema de orujo 17º Mourama botella 70 cl",
    "precio_unitario": "6,49 €",
    "precio_por_unidad": "(9,27 €/L)",
    "imagen": "https://www.dia.es/product_images/272408/272408_ISO_0_ES.jpg?imwidth=392"
  },
  {
    "categoria": "Cremas y licores",
    "nombre": "Licor de crema whisky Castle loan botella 70 cl",
    "precio_unitario": "5,75 €",
    "precio_por_unidad": "(8,21 €/L)",
    "imagen": "https://www.dia.es/product_images/28858/28858_ISO_0_ES.jpg?imwidth=392"
  },
  {
    "categoria": "Cremas y licores",
    "nombre": "Licor de crema whisky original Baileys botella 70 cl",
    "precio_unitario": "15,49 €",
    "precio_por_unidad": "(22,13 €/L)",
    "imagen": "https://www.dia.es/product_images/7389/7389_ISO_0_ES.jpg?imwidth=392"
  },
  {
    "categoria": "Cremas y licores",
    "nombre": "Licor de hierbas Ruavieja botella 70 cl",
    "precio_unitario": "10,29 €",
    "precio_por_unidad": "(14,70 €/L)",
    "imagen": "https://www.dia.es/product_images/55935/55935_ISO_0_ES.jpg?imwidth=392"
  },
  {
    "categoria": "Cremas y licores",
    "nombre": "Licor de limoncello 25º Alvini botella 50 cl",
    "precio_unitario": "4,89 €",
    "precio_por_unidad": "(9,78 €/L)",
    "imagen": "https://www.dia.es/product_images/275856/275856_ISO_0_ES.jpg?imwidth=392"
  },
  {
    "categoria": "Cremas y licores",
    "nombre": "Licor de anís dulce Del mono botella 70 cl",
    "precio_unitario": "7,85 €",
    "precio_por_unidad": "(11,21 €/L)",
    "imagen": "https://www.dia.es/product_images/79597/79597_ISO_0_ES.jpg?imwidth=392"
  },
  {
    "categoria": "Cremas y licores",
    "nombre": "Crema de limoncello 16º Alvini botella 50 cl",
    "precio_unitario": "4,99 €",
    "precio_por_unidad": "(9,98 €/L)",
    "imagen": "https://www.dia.es/product_images/272410/272410_ISO_0_ES.jpg?imwidth=392"
  },
  {
    "categoria": "Cremas y licores",
    "nombre": "Licor de manzana sin alcohol Soñador botella 70 cl",
    "precio_unitario": "2,49 €",
    "precio_por_unidad": "(3,56 €/L)",
    "imagen": "https://www.dia.es/product_images/279226/279226_ISO_0_ES.jpg?imwidth=392"
  },
  {
    "categoria": "Cremas y licores",
    "nombre": "Licor de anís dulce La Estepa botella 1 l",
    "precio_unitario": "7,20 €",
    "precio_por_unidad": "(7,20 €/L)",
    "imagen": "https://www.dia.es/product_images/16579/16579_ISO_0_ES.jpg?imwidth=392"
  },
  {
    "categoria": "Cremas y licores",
    "nombre": "Licor de hierbas 30º Mourama botella 70 cl",
    "precio_unitario": "5,99 €",
    "precio_por_unidad": "(8,56 €/L)",
    "imagen": "https://www.dia.es/product_images/272407/272407_ISO_0_ES.jpg?imwidth=392"
  },
  {
    "categoria": "Cremas y licores",
    "nombre": "Pacharán Gorzalka botella 1 l",
    "precio_unitario": "7,50 €",
    "precio_por_unidad": "(7,50 €/L)",
    "imagen": "https://www.dia.es/product_images/279911/279911_ISO_0_ES.jpg?imwidth=392"
  },
  {
    "categoria": "Cremas y licores",
    "nombre": "Licor de avellanas Frangelico botella 70 cl",
    "precio_unitario": "14,59 €",
    "precio_por_unidad": "(20,84 €/L)",
    "imagen": "https://www.dia.es/product_images/70187/70187_ISO_0_ES.jpg?imwidth=392"
  },
  {
    "categoria": "Cremas y licores",
    "nombre": "Pacharán Zoco botella 70 cl",
    "precio_unitario": "9,10 €",
    "precio_por_unidad": "(13,00 €/L)",
    "imagen": "https://www.dia.es/product_images/248455/248455_ISO_0_ES.jpg?imwidth=392"
  },
  {
    "categoria": "Cremas y licores",
    "nombre": "Licor de crema de orujo Ruavieja botella 70 cl",
    "precio_unitario": "13,19 €",
    "precio_por_unidad": "(18,84 €/L)",
    "imagen": "https://www.dia.es/product_images/137105/137105_ISO_0_ES.jpg?imwidth=392"
  },
  {
    "categoria": "Cremas y licores",
    "nombre": "Licor de hierbas Jägermeister botella 70 cl",
    "precio_unitario": "14,49 €",
    "precio_por_unidad": "(20,70 €/L)",
    "imagen": "https://www.dia.es/product_images/189722/189722_ISO_0_ES.jpg?imwidth=392"
  },
  {
    "categoria": "Cremas y licores",
    "nombre": "Licor de café 30º Mourama botella 70 cl",
    "precio_unitario": "6,49 €",
    "precio_por_unidad": "(9,27 €/L)",
    "imagen": "https://www.dia.es/product_images/272409/272409_ISO_0_ES.jpg?imwidth=392"
  },
  {
    "categoria": "Cremas y licores",
    "nombre": "Licor de anís dulce La castellana botella 70 cl",
    "precio_unitario": "9,29 €",
    "precio_por_unidad": "(13,27 €/L)",
    "imagen": "https://www.dia.es/product_images/205046/205046_ISO_0_ES.jpg?imwidth=392"
  },
  {
    "categoria": "Cremas y licores",
    "nombre": "Licor de mora sin alcohol Soñador botella 70 cl",
    "precio_unitario": "2,29 €",
    "precio_por_unidad": "(3,27 €/L)",
    "imagen": "https://www.dia.es/product_images/279225/279225_ISO_0_ES.jpg?imwidth=392"
  },
  {
    "categoria": "Cremas y licores",
    "nombre": "Licor de crema whisky light Baileys botella 70 cl",
    "precio_unitario": "12,99 €",
    "precio_por_unidad": "(18,56 €/L)",
    "imagen": "https://www.dia.es/product_images/287936/287936_ISO_0_ES.jpg?imwidth=392"
  },
  {
    "categoria": "Cremas y licores",
    "nombre": "Licor de crema de cacao La castellana botella 70 cl",
    "precio_unitario": "10,99 €",
    "precio_por_unidad": "(15,70 €/L)",
    "imagen": "https://www.dia.es/product_images/283046/283046_ISO_0_ES.jpg?imwidth=392"
  },
  {
    "categoria": "Cremas y licores",
    "nombre": "Whisky Tennessee apple Jack Daniel's botella 70 cl",
    "precio_unitario": "23,25 €",
    "precio_por_unidad": "(33,21 €/L)",
    "imagen": "https://www.dia.es/product_images/279818/279818_ISO_0_ES.jpg?imwidth=392"
  },
  {
    "categoria": "Cremas y licores",
    "nombre": "Licor de ginebra 1902 botella 70 cl",
    "precio_unitario": "7,99 €",
    "precio_por_unidad": "(11,41 €/L)",
    "imagen": "https://www.dia.es/product_images/279227/279227_ISO_0_ES.jpg?imwidth=392"
  },
  {
    "categoria": "Cremas y licores",
    "nombre": "Licor de anís dulce Chinchon botella 1 l",
    "precio_unitario": "11,99 €",
    "precio_por_unidad": "(11,99 €/L)",
    "imagen": "https://www.dia.es/product_images/275359/275359_ISO_0_ES.jpg?imwidth=392"
  },
  {
    "categoria": "Helados y hielo",
    "nombre": "Hielo en cubitos bolsa 2 Kg",
    "precio_unitario": "0,99 €",
    "precio_por_unidad": "(0,50 €/kg)",
    "imagen": "https://www.dia.es/product_images/80803/80803_ISO_0_ES.jpg?imwidth=392"
  },
  {
    "categoria": "Helados y hielo",
    "nombre": "Helado bombón mini doble chocolate y caramelo salado Temptation de Dia estuche 216 g",
    "precio_unitario": "1,75 €",
    "precio_por_unidad": "(8,10 €/kg)",
    "imagen": "https://www.dia.es/product_images/300617/300617_ISO_0_ES.jpg?imwidth=392"
  },
  {
    "categoria": "Helados y hielo",
    "nombre": "Helado bombón chocolate blanco con palomitas 3 unidades Temptation de Dia estuche 195 g",
    "precio_unitario": "1,55 €",
    "precio_por_unidad": "(7,95 €/kg)",
    "imagen": "https://www.dia.es/product_images/299289/299289_ISO_0_ES.jpg?imwidth=392"
  },
  {
    "categoria": "Helados y hielo",
    "nombre": "Helado cono de nata y chocolate 4 unidades Temptation de Dia caja 272 g",
    "precio_unitario": "1,79 €",
    "precio_por_unidad": "(6,58 €/kg)",
    "imagen": "https://www.dia.es/product_images/44142/44142_ISO_0_ES.jpg?imwidth=392"
  },
  {
    "categoria": "Helados y hielo",
    "nombre": "Helado sabor dulce de leche Temptation de Dia tarrina 525 g",
    "precio_unitario": "2,89 €",
    "precio_por_unidad": "(5,50 €/kg)",
    "imagen": "https://www.dia.es/product_images/118822/118822_ISO_0_ES.jpg?imwidth=392"
  },
  {
    "categoria": "Helados y hielo",
    "nombre": "Helado bombón mini surtido 8 unidades Temptation de Dia estuche 288 g",
    "precio_unitario": "2,39 €",
    "precio_por_unidad": "(8,30 €/kg)",
    "imagen": "https://www.dia.es/product_images/174731/174731_ISO_0_ES.jpg?imwidth=392"
  },
  {
    "categoria": "Helados y hielo",
    "nombre": "Helado cono de nata 4 unidades Temptation de Dia caja 272 g",
    "precio_unitario": "1,79 €",
    "precio_por_unidad": "(6,58 €/kg)",
    "imagen": "https://www.dia.es/product_images/44140/44140_ISO_0_ES.jpg?imwidth=392"
  },
  {
    "categoria": "Helados y hielo",
    "nombre": "Helado sabor strawberry cheesecake Temptation de Dia tarrina 350 g",
    "precio_unitario": "2,85 €",
    "precio_por_unidad": "(8,14 €/kg)",
    "imagen": "https://www.dia.es/product_images/261947/261947_ISO_0_ES.jpg?imwidth=392"
  },
  {
    "categoria": "Helados y hielo",
    "nombre": "Helado sándwich de nata 6 unidades Temptation de Dia caja 300 g",
    "precio_unitario": "1,99 €",
    "precio_por_unidad": "(6,63 €/kg)",
    "imagen": "https://www.dia.es/product_images/271108/271108_ISO_0_ES.jpg?imwidth=392"
  },
  {
    "categoria": "Helados y hielo",
    "nombre": "Helado sándwich cookie con vainilla 4 unidades Temptation de Dia caja 220 g",
    "precio_unitario": "2,49 €",
    "precio_por_unidad": "(11,32 €/kg)",
    "imagen": "https://www.dia.es/product_images/271097/271097_ISO_0_ES.jpg?imwidth=392"
  },
  {
    "categoria": "Helados y hielo",
    "nombre": "Tarta laminada nata y chocolate Temptation de Dia caja 525 g",
    "precio_unitario": "2,29 €",
    "precio_por_unidad": "(4,36 €/kg)",
    "imagen": "https://www.dia.es/product_images/129278/129278_ISO_0_ES.jpg?imwidth=392"
  },
  {
    "categoria": "Helados y hielo",
    "nombre": "Helado bombón almendrado Temptation de Dia caja 360 g",
    "precio_unitario": "2,09 €",
    "precio_por_unidad": "(5,81 €/kg)",
    "imagen": "https://www.dia.es/product_images/19507/19507_ISO_0_ES.jpg?imwidth=392"
  },
  {
    "categoria": "Helados y hielo",
    "nombre": "Helado choco brownie con salsa de chocolate Temptation de Dia tarrina 350 g",
    "precio_unitario": "2,85 €",
    "precio_por_unidad": "(8,14 €/kg)",
    "imagen": "https://www.dia.es/product_images/271062/271062_ISO_0_ES.jpg?imwidth=392"
  },
  {
    "categoria": "Helados y hielo",
    "nombre": "Helado bombón chocolate negro 4 unidades Temptation de Dia caja 332 g",
    "precio_unitario": "1,99 €",
    "precio_por_unidad": "(5,99 €/kg)",
    "imagen": "https://www.dia.es/product_images/19520/19520_ISO_0_ES.jpg?imwidth=392"
  },
  {
    "categoria": "Helados y hielo",
    "nombre": "Helado cookie dough Temptation de Dia tarrina 350 g",
    "precio_unitario": "2,85 €",
    "precio_por_unidad": "(8,14 €/kg)",
    "imagen": "https://www.dia.es/product_images/261946/261946_ISO_0_ES.jpg?imwidth=392"
  },
  {
    "categoria": "Helados y hielo",
    "nombre": "Helado sabor vainilla Temptation de Dia tarrina 500 g",
    "precio_unitario": "2,30 €",
    "precio_por_unidad": "(4,60 €/kg)",
    "imagen": "https://www.dia.es/product_images/256189/256189_ISO_0_ES.jpg?imwidth=392"
  },
  {
    "categoria": "Helados y hielo",
    "nombre": "Helado sabor stracciatella Temptation de Dia tarrina 525 g",
    "precio_unitario": "2,89 €",
    "precio_por_unidad": "(5,50 €/kg)",
    "imagen": "https://www.dia.es/product_images/44145/44145_ISO_0_ES.jpg?imwidth=392"
  },
  {
    "categoria": "Helados y hielo",
    "nombre": "Helado mini bombón almendras 6 unidades Magnum caja 276 g",
    "precio_unitario": "4,99 €",
    "precio_por_unidad": "(18,08 €/kg)",
    "imagen": "https://www.dia.es/product_images/87939/87939_ISO_0_ES.jpg?imwidth=392"
  },
  {
    "categoria": "Helados y hielo",
    "nombre": "Helado mini bombón mix Magnum caja 6 + 2 uds 356 g",
    "precio_unitario": "4,99 €",
    "precio_por_unidad": "(14,02 €/kg)",
    "imagen": "https://www.dia.es/product_images/65364/65364_ISO_0_ES.jpg?imwidth=392"
  },
  {
    "categoria": "Helados y hielo",
    "nombre": "Helado bombón almendras 3 + 1 unidades Magnum caja 300 g",
    "precio_unitario": "3,99 €",
    "precio_por_unidad": "(13,30 €/kg)",
    "imagen": "https://www.dia.es/product_images/55446/55446_ISO_0_ES.jpg?imwidth=392"
  },
  {
    "categoria": "Helados y hielo",
    "nombre": "Helado de nata con gotas de chocolate 4 unidades Nestlé Maxibon caja 384 g",
    "precio_unitario": "5,99 €",
    "precio_por_unidad": "(15,60 €/kg)",
    "imagen": "https://www.dia.es/product_images/4313/4313_ISO_0_ES.jpg?imwidth=392"
  },
  {
    "categoria": "Helados y hielo",
    "nombre": "Tarta helada sabor whisky Temptation de Dia caja 525 g",
    "precio_unitario": "2,69 €",
    "precio_por_unidad": "(5,12 €/kg)",
    "imagen": "https://www.dia.es/product_images/40976/40976_ISO_0_ES.jpg?imwidth=392"
  },
  {
    "categoria": "Helados y hielo",
    "nombre": "Helado fruit collection mini cups 4 unidades Haagen Dazs caja 321 g",
    "precio_unitario": "7,49 €",
    "precio_por_unidad": "(23,33 €/kg)",
    "imagen": "https://www.dia.es/product_images/292333/292333_ISO_0_ES.jpg?imwidth=392"
  },
  {
    "categoria": "Helados y hielo",
    "nombre": "Helado mini bombón clásico y almendrado sin azúcar 6 unidades Temptation de Dia estuche 216 g",
    "precio_unitario": "2,69 €",
    "precio_por_unidad": "(12,45 €/kg)",
    "imagen": "https://www.dia.es/product_images/291267/291267_ISO_0_ES.jpg?imwidth=392"
  },
  {
    "categoria": "Helados y hielo",
    "nombre": "Helado de chocolate jungly con trozos de chocolate y galleta 4 unidades Nestlé Maxibon caja 360 g",
    "precio_unitario": "4,19 €",
    "precio_por_unidad": "(10,91 €/kg)",
    "imagen": "https://www.dia.es/product_images/283794/283794_ISO_0_ES.jpg?imwidth=392"
  },
  {
    "categoria": "Helados y hielo",
    "nombre": "Helado caramel biscuit Temptation de Dia tarrina 350 g",
    "precio_unitario": "2,85 €",
    "precio_por_unidad": "(8,14 €/kg)",
    "imagen": "https://www.dia.es/product_images/280349/280349_ISO_0_ES.jpg?imwidth=392"
  },
  {
    "categoria": "Helados y hielo",
    "nombre": "Helado caramel collection mini cups 4 unidades Haagen Dazs caja 321 g",
    "precio_unitario": "7,49 €",
    "precio_por_unidad": "(23,33 €/kg)",
    "imagen": "https://www.dia.es/product_images/279117/279117_ISO_0_ES.jpg?imwidth=392"
  },
  {
    "categoria": "Helados y hielo",
    "nombre": "Helado de nata waffle 4 unidades Nestlé Maxibon caja 360 g",
    "precio_unitario": "5,99 €",
    "precio_por_unidad": "(16,64 €/kg)",
    "imagen": "https://www.dia.es/product_images/272335/272335_ISO_0_ES.jpg?imwidth=392"
  },
  {
    "categoria": "Helados y hielo",
    "nombre": "Helado cookie dough Ben & Jerry's tarrina 406 g",
    "precio_unitario": "6,99 €",
    "precio_por_unidad": "(17,22 €/kg)",
    "imagen": "https://www.dia.es/product_images/272243/272243_ISO_0_ES.jpg?imwidth=392"
  },
  {
    "categoria": "Helados y hielo",
    "nombre": "Helado de vainilla con nueces de macadamia Temptation de Dia tarrina 350 g",
    "precio_unitario": "2,85 €",
    "precio_por_unidad": "(8,14 €/kg)",
    "imagen": "https://www.dia.es/product_images/271064/271064_ISO_0_ES.jpg?imwidth=392"
  },
  {
    "categoria": "Helados y hielo",
    "nombre": "Helado cono clásico 6 unidades Cornetto caja 360 g",
    "precio_unitario": "4,99 €",
    "precio_por_unidad": "(13,86 €/kg)",
    "imagen": "https://www.dia.es/product_images/247179/247179_ISO_0_ES.jpg?imwidth=392"
  },
  {
    "categoria": "Helados y hielo",
    "nombre": "Helado bloque sabor turrón Temptation de Dia caja 525 g",
    "precio_unitario": "2,52 €",
    "precio_por_unidad": "(4,80 €/kg)",
    "imagen": "https://www.dia.es/product_images/246232/246232_ISO_0_ES.jpg?imwidth=392"
  },
  {
    "categoria": "Helados y hielo",
    "nombre": "Helado pirulo mikolápiz 5 unidades Nestlé caja 250 g",
    "precio_unitario": "5,19 €",
    "precio_por_unidad": "(20,76 €/kg)",
    "imagen": "https://www.dia.es/product_images/245544/245544_ISO_0_ES.jpg?imwidth=392"
  },
  {
    "categoria": "Helados y hielo",
    "nombre": "Hielo para mojitos La confianza bolsa 2 Kg",
    "precio_unitario": "1,19 €",
    "precio_por_unidad": "(0,60 €/kg)",
    "imagen": "https://www.dia.es/product_images/243252/243252_ISO_0_ES.jpg?imwidth=392"
  },
  {
    "categoria": "Helados y hielo",
    "nombre": "Helado mini bombón intense dark chocolate 70% 6 unidades Magnum caja 264 g",
    "precio_unitario": "5,49 €",
    "precio_por_unidad": "(20,80 €/kg)",
    "imagen": "https://www.dia.es/product_images/232320/232320_ISO_0_ES.jpg?imwidth=392"
  },
  {
    "categoria": "Helados y hielo",
    "nombre": "Helado sándwich mini 6 unidades Oreo estuche 198 g",
    "precio_unitario": "3,85 €",
    "precio_por_unidad": "(19,44 €/kg)",
    "imagen": "https://www.dia.es/product_images/207900/207900_ISO_0_ES.jpg?imwidth=392"
  },
  {
    "categoria": "Helados y hielo",
    "nombre": "Helado bombón classic 4 unidades Temptation de Dia caja 336 g",
    "precio_unitario": "1,99 €",
    "precio_por_unidad": "(5,92 €/kg)",
    "imagen": "https://www.dia.es/product_images/19479/19479_ISO_0_ES.jpg?imwidth=392"
  },
  {
    "categoria": "Helados y hielo",
    "nombre": "Helado cono chocolate y vainilla 4 unidades Milka caja 270 g",
    "precio_unitario": "5,49 €",
    "precio_por_unidad": "(20,33 €/kg)",
    "imagen": "https://www.dia.es/product_images/161716/161716_ISO_0_ES.jpg?imwidth=392"
  },
  {
    "categoria": "Helados y hielo",
    "nombre": "Helado sándwich nata y chocolate 6 unidades Somosierra caja 300 g",
    "precio_unitario": "3,29 €",
    "precio_por_unidad": "(10,97 €/kg)",
    "imagen": "https://www.dia.es/product_images/15828/15828_ISO_0_ES.jpg?imwidth=392"
  },
  {
    "categoria": "Helados y hielo",
    "nombre": "Helado chocolate belga Haagen Dazs tarrina 400 g",
    "precio_unitario": "6,99 €",
    "precio_por_unidad": "(17,48 €/kg)",
    "imagen": "https://www.dia.es/product_images/158275/158275_ISO_0_ES.jpg?imwidth=392"
  },
  {
    "categoria": "Helados y hielo",
    "nombre": "Helado tarta de queso Haagen Dazs tarrina 400 g",
    "precio_unitario": "6,99 €",
    "precio_por_unidad": "(17,48 €/kg)",
    "imagen": "https://www.dia.es/product_images/158274/158274_ISO_0_ES.jpg?imwidth=392"
  },
  {
    "categoria": "Helados y hielo",
    "nombre": "Helado vainilla macadamia Haagen Dazs tarrina 400 g",
    "precio_unitario": "6,99 €",
    "precio_por_unidad": "(17,48 €/kg)",
    "imagen": "https://www.dia.es/product_images/150955/150955_ISO_0_ES.jpg?imwidth=392"
  },
  {
    "categoria": "Helados y hielo",
    "nombre": "Nata montada congelada Somosierra tarrina 240 g",
    "precio_unitario": "2,49 €",
    "precio_por_unidad": "(10,38 €/kg)",
    "imagen": "https://www.dia.es/product_images/14439/14439_ISO_0_ES.jpg?imwidth=392"
  },
  {
    "categoria": "Helados y hielo",
    "nombre": "Helado de vainilla con trozos de chocolate y cookies 4 unidades Nestlé Maxibon caja 360 g",
    "precio_unitario": "5,99 €",
    "precio_por_unidad": "(16,64 €/kg)",
    "imagen": "https://www.dia.es/product_images/142973/142973_ISO_0_ES.jpg?imwidth=392"
  },
  {
    "categoria": "Helados y hielo",
    "nombre": "Sorbete helado de limón Temptation de Dia tarrina 540 g",
    "precio_unitario": "2,49 €",
    "precio_por_unidad": "(4,61 €/kg)",
    "imagen": "https://www.dia.es/product_images/13201/13201_ISO_0_ES.jpg?imwidth=392"
  },
  {
    "categoria": "Helados y hielo",
    "nombre": "Helado de chocolate con trozos Temptation de Dia tarrina 540 g",
    "precio_unitario": "2,89 €",
    "precio_por_unidad": "(5,35 €/kg)",
    "imagen": "https://www.dia.es/product_images/13200/13200_ISO_0_ES.jpg?imwidth=392"
  },
  {
    "categoria": "Pizzas, bases y masas",
    "nombre": "Bases de pizza finas 3 unidades Al Punto Dia bolsa 420 g",
    "precio_unitario": "1,90 €",
    "precio_por_unidad": "(4,52 €/kg)",
    "imagen": "https://www.dia.es/product_images/203958/203958_ISO_0_ES.jpg?imwidth=392"
  },
  {
    "categoria": "Pizzas, bases y masas",
    "nombre": "Baguette jamón y queso 2 unidades Al Punto Dia caja 250 g",
    "precio_unitario": "1,89 €",
    "precio_por_unidad": "(7,56 €/kg)",
    "imagen": "https://www.dia.es/product_images/16536/16536_ISO_0_ES.jpg?imwidth=392"
  },
  {
    "categoria": "Pizzas, bases y masas",
    "nombre": "Pizza 4 quesos Al Punto Dia caja 400 g",
    "precio_unitario": "2,49 €",
    "precio_por_unidad": "(6,23 €/kg)",
    "imagen": "https://www.dia.es/product_images/53870/53870_ISO_0_ES.jpg?imwidth=392"
  },
  {
    "categoria": "Pizzas, bases y masas",
    "nombre": "Pizza bacon y atún Al Punto Dia caja 400 g",
    "precio_unitario": "2,49 €",
    "precio_por_unidad": "(6,23 €/kg)",
    "imagen": "https://www.dia.es/product_images/54213/54213_ISO_0_ES.jpg?imwidth=392"
  },
  {
    "categoria": "Pizzas, bases y masas",
    "nombre": "Pizza super pepperoni Al Punto Dia caja 417 g",
    "precio_unitario": "3,99 €",
    "precio_por_unidad": "(9,57 €/kg)",
    "imagen": "https://www.dia.es/product_images/298448/298448_ISO_0_ES.jpg?imwidth=392"
  },
  {
    "categoria": "Pizzas, bases y masas",
    "nombre": "Pizza campestre Al Punto Dia caja 400 g",
    "precio_unitario": "2,49 €",
    "precio_por_unidad": "(6,23 €/kg)",
    "imagen": "https://www.dia.es/product_images/46197/46197_ISO_0_ES.jpg?imwidth=392"
  },
  {
    "categoria": "Pizzas, bases y masas",
    "nombre": "Pizza jamón y queso Al Punto Dia caja 350 g",
    "precio_unitario": "2,49 €",
    "precio_por_unidad": "(7,11 €/kg)",
    "imagen": "https://www.dia.es/product_images/130615/130615_ISO_0_ES.jpg?imwidth=392"
  },
  {
    "categoria": "Pizzas, bases y masas",
    "nombre": "Pizza crispy bacon Al Punto Dia caja 450 g",
    "precio_unitario": "3,99 €",
    "precio_por_unidad": "(8,87 €/kg)",
    "imagen": "https://www.dia.es/product_images/266016/266016_ISO_0_ES.jpg?imwidth=392"
  },
  {
    "categoria": "Pizzas, bases y masas",
    "nombre": "Pizza 6 quesos Al Punto Dia caja 470 g",
    "precio_unitario": "3,99 €",
    "precio_por_unidad": "(8,49 €/kg)",
    "imagen": "https://www.dia.es/product_images/266018/266018_ISO_0_ES.jpg?imwidth=392"
  },
  {
    "categoria": "Pizzas, bases y masas",
    "nombre": "Mini pizzas jamón y queso Al Punto Dia caja 270 g",
    "precio_unitario": "2,49 €",
    "precio_por_unidad": "(9,22 €/kg)",
    "imagen": "https://www.dia.es/product_images/81020/81020_ISO_0_ES.jpg?imwidth=392"
  },
  {
    "categoria": "Pizzas, bases y masas",
    "nombre": "Pizza reina 2 unidades Al Punto Dia caja 700 g",
    "precio_unitario": "3,39 €",
    "precio_por_unidad": "(4,84 €/kg)",
    "imagen": "https://www.dia.es/product_images/80000/80000_ISO_0_ES.jpg?imwidth=392"
  },
  {
    "categoria": "Pizzas, bases y masas",
    "nombre": "Pizza barbacoa Al Punto Dia caja 350 g",
    "precio_unitario": "2,49 €",
    "precio_por_unidad": "(7,11 €/kg)",
    "imagen": "https://www.dia.es/product_images/250252/250252_ISO_0_ES.jpg?imwidth=392"
  },
  {
    "categoria": "Pizzas, bases y masas",
    "nombre": "Pizza boloñesa Al Punto Dia caja 375 g",
    "precio_unitario": "2,49 €",
    "precio_por_unidad": "(6,64 €/kg)",
    "imagen": "https://www.dia.es/product_images/73456/73456_ISO_0_ES.jpg?imwidth=392"
  },
  {
    "categoria": "Pizzas, bases y masas",
    "nombre": "Pizza burger Al Punto Dia caja 445 g",
    "precio_unitario": "3,99 €",
    "precio_por_unidad": "(8,97 €/kg)",
    "imagen": "https://www.dia.es/product_images/298449/298449_ISO_0_ES.jpg?imwidth=392"
  },
  {
    "categoria": "Pizzas, bases y masas",
    "nombre": "Pizza spinaci Dr. Oetker Ristorante caja 390 g",
    "precio_unitario": "3,89 €",
    "precio_por_unidad": "(9,97 €/kg)",
    "imagen": "https://www.dia.es/product_images/215666/215666_ISO_0_ES.jpg?imwidth=392"
  },
  {
    "categoria": "Pizzas, bases y masas",
    "nombre": "Pizza carbonara Al Punto Dia caja 465 g",
    "precio_unitario": "3,99 €",
    "precio_por_unidad": "(8,58 €/kg)",
    "imagen": "https://www.dia.es/product_images/266017/266017_ISO_0_ES.jpg?imwidth=392"
  },
  {
    "categoria": "Pizzas, bases y masas",
    "nombre": "Pizza prosciutto Dr. Oetker Ristorante caja 340 g",
    "precio_unitario": "3,89 €",
    "precio_por_unidad": "(11,44 €/kg)",
    "imagen": "https://www.dia.es/product_images/183532/183532_ISO_0_ES.jpg?imwidth=392"
  },
  {
    "categoria": "Pizzas, bases y masas",
    "nombre": "Pizza speciale Dr. Oetker Ristorante caja 330 g",
    "precio_unitario": "3,89 €",
    "precio_por_unidad": "(11,79 €/kg)",
    "imagen": "https://www.dia.es/product_images/88841/88841_ISO_0_ES.jpg?imwidth=392"
  },
  {
    "categoria": "Pizzas, bases y masas",
    "nombre": "Pizza 4 quesos Dr. Oetker Ristorante caja 340 g",
    "precio_unitario": "3,89 €",
    "precio_por_unidad": "(11,44 €/kg)",
    "imagen": "https://www.dia.es/product_images/149215/149215_ISO_0_ES.jpg?imwidth=392"
  },
  {
    "categoria": "Pizzas, bases y masas",
    "nombre": "Pizza atún Dr. Oetker Ristorante caja 355 g",
    "precio_unitario": "3,89 €",
    "precio_por_unidad": "(10,96 €/kg)",
    "imagen": "https://www.dia.es/product_images/114903/114903_ISO_0_ES.jpg?imwidth=392"
  },
  {
    "categoria": "Pizzas, bases y masas",
    "nombre": "Mini pizzas de jamón y queso Buitoni Piccolinis caja 270 g",
    "precio_unitario": "4,39 €",
    "precio_por_unidad": "(16,26 €/kg)",
    "imagen": "https://www.dia.es/product_images/78874/78874_ISO_0_ES.jpg?imwidth=392"
  },
  {
    "categoria": "Pizzas, bases y masas",
    "nombre": "Pannini 4 quesos Dr. Oetker caja 250 g",
    "precio_unitario": "3,35 €",
    "precio_por_unidad": "(13,40 €/kg)",
    "imagen": "https://www.dia.es/product_images/64012/64012_ISO_0_ES.jpg?imwidth=392"
  },
  {
    "categoria": "Pizzas, bases y masas",
    "nombre": "Pannini jamón y queso Dr. Oetker caja 250 g",
    "precio_unitario": "3,35 €",
    "precio_por_unidad": "(13,40 €/kg)",
    "imagen": "https://www.dia.es/product_images/52351/52351_ISO_0_ES.jpg?imwidth=392"
  },
  {
    "categoria": "Pizzas, bases y masas",
    "nombre": "Pizza prosciutto sin gluten Dr. Oetker caja 345 g",
    "precio_unitario": "4,59 €",
    "precio_por_unidad": "(13,30 €/kg)",
    "imagen": "https://www.dia.es/product_images/284308/284308_ISO_0_ES.jpg?imwidth=392"
  },
  {
    "categoria": "Pizzas, bases y masas",
    "nombre": "Pannini barbacoa Dr. Oetker caja 250 g",
    "precio_unitario": "3,35 €",
    "precio_por_unidad": "(13,40 €/kg)",
    "imagen": "https://www.dia.es/product_images/25978/25978_ISO_0_ES.jpg?imwidth=392"
  },
  {
    "categoria": "Pizzas, bases y masas",
    "nombre": "Pizza barbacoa Buitoni Forno di pietra caja 325 g",
    "precio_unitario": "3,65 €",
    "precio_por_unidad": "(11,23 €/kg)",
    "imagen": "https://www.dia.es/product_images/181100/181100_ISO_0_ES.jpg?imwidth=392"
  },
  {
    "categoria": "Pizzas, bases y masas",
    "nombre": "Pizza caprese Buitoni Forno di pietra caja 350 g",
    "precio_unitario": "3,65 €",
    "precio_por_unidad": "(10,43 €/kg)",
    "imagen": "https://www.dia.es/product_images/140496/140496_ISO_0_ES.jpg?imwidth=392"
  },
  {
    "categoria": "Pizzas, bases y masas",
    "nombre": "Pizza jamón y queso Buitoni Forno di pietra caja 350 g",
    "precio_unitario": "3,65 €",
    "precio_por_unidad": "(10,43 €/kg)",
    "imagen": "https://www.dia.es/product_images/108029/108029_ISO_0_ES.jpg?imwidth=392"
  },
  {
    "categoria": "Pizzas, bases y masas",
    "nombre": "Pizza 4 quesos Dr. Oetker Casa di Mama caja 395 g",
    "precio_unitario": "4,59 €",
    "precio_por_unidad": "(11,62 €/kg)",
    "imagen": "https://www.dia.es/product_images/107941/107941_ISO_0_ES.jpg?imwidth=392"
  },
  {
    "categoria": "Pescado y marisco",
    "nombre": "Filete de merluza argentino sin piel Mari Marinera de Dia bolsa 400 g",
    "precio_unitario": "3,29 €",
    "precio_por_unidad": "(8,23 €/kg)",
    "imagen": "https://www.dia.es/product_images/17384/17384_ISO_0_ES.jpg?imwidth=392"
  },
  {
    "categoria": "Pescado y marisco",
    "nombre": "Lomos de salmón Selección Mundial de Dia bolsa 250 g",
    "precio_unitario": "6,39 €",
    "precio_por_unidad": "(25,56 €/kg)",
    "imagen": "https://www.dia.es/product_images/274390/274390_ISO_0_ES.jpg?imwidth=392"
  },
  {
    "categoria": "Pescado y marisco",
    "nombre": "Rabas empanadas Mari Marinera de Dia bolsa 400 g",
    "precio_unitario": "2,89 €",
    "precio_por_unidad": "(7,23 €/kg)",
    "imagen": "https://www.dia.es/product_images/41098/41098_ISO_0_ES.jpg?imwidth=392"
  },
  {
    "categoria": "Pescado y marisco",
    "nombre": "Almeja del pacífico Mari Marinera de Dia bolsa 450 g",
    "precio_unitario": "1,69 €",
    "precio_por_unidad": "(3,76 €/kg)",
    "imagen": "https://www.dia.es/product_images/129357/129357_ISO_0_ES.jpg?imwidth=392"
  },
  {
    "categoria": "Pescado y marisco",
    "nombre": "Preparado para paellas y sopas Mari Marinera de Dia bolsa 685 g",
    "precio_unitario": "3,99 €",
    "precio_por_unidad": "(5,82 €/kg)",
    "imagen": "https://www.dia.es/product_images/273563/273563_ISO_0_ES.jpg?imwidth=392"
  },
  {
    "categoria": "Pescado y marisco",
    "nombre": "Merluza rebozada al huevo MSC Mari Marinera de Dia caja 340 g",
    "precio_unitario": "2,79 €",
    "precio_por_unidad": "(8,21 €/kg)",
    "imagen": "https://www.dia.es/product_images/207586/207586_ISO_0_ES.jpg?imwidth=392"
  },
  {
    "categoria": "Pescado y marisco",
    "nombre": "Filete de merluza del cabo sin piel MSC Mari Marinera de Dia bolsa 600 g",
    "precio_unitario": "5,29 €",
    "precio_por_unidad": "(8,82 €/kg)",
    "imagen": "https://www.dia.es/product_images/72170/72170_ISO_0_ES.jpg?imwidth=392"
  },
  {
    "categoria": "Pescado y marisco",
    "nombre": "Muslitos de mar MSC Mari Marinera de Dia caja 250 g",
    "precio_unitario": "1,49 €",
    "precio_por_unidad": "(5,96 €/kg)",
    "imagen": "https://www.dia.es/product_images/19199/19199_ISO_0_ES.jpg?imwidth=392"
  },
  {
    "categoria": "Pescado y marisco",
    "nombre": "Caprichos del mar Mari Marinera de Dia bolsa 400 g",
    "precio_unitario": "1,79 €",
    "precio_por_unidad": "(4,48 €/kg)",
    "imagen": "https://www.dia.es/product_images/41097/41097_ISO_0_ES.jpg?imwidth=392"
  },
  {
    "categoria": "Pescado y marisco",
    "nombre": "Filete de salmón salvaje MSC Mari Marinera de Dia bolsa 360 g",
    "precio_unitario": "5,99 €",
    "precio_por_unidad": "(16,64 €/kg)",
    "imagen": "https://www.dia.es/product_images/274389/274389_ISO_0_ES.jpg?imwidth=392"
  },
  {
    "categoria": "Pescado y marisco",
    "nombre": "Gambas peladas medianas 70/90 piezas Mari Marinera de Dia bolsa 350 g",
    "precio_unitario": "4,62 €",
    "precio_por_unidad": "(13,20 €/kg)",
    "imagen": "https://www.dia.es/product_images/269059/269059_ISO_0_ES.jpg?imwidth=392"
  },
  {
    "categoria": "Pescado y marisco",
    "nombre": "Sepia faraónica Mari Marinera de Dia bandeja 400 g",
    "precio_unitario": "5,99 €",
    "precio_por_unidad": "(14,98 €/kg)",
    "imagen": "https://www.dia.es/product_images/293705/293705_ISO_0_ES.jpg?imwidth=392"
  },
  {
    "categoria": "Pescado y marisco",
    "nombre": "Medallones de merluza del cabo MSC Mari Marinera de Dia bolsa 475 g",
    "precio_unitario": "3,99 €",
    "precio_por_unidad": "(8,40 €/kg)",
    "imagen": "https://www.dia.es/product_images/26442/26442_ISO_0_ES.jpg?imwidth=392"
  },
  {
    "categoria": "Pescado y marisco",
    "nombre": "Calamar troceado Mari Marinera de Dia bolsa 450 g",
    "precio_unitario": "3,99 €",
    "precio_por_unidad": "(8,87 €/kg)",
    "imagen": "https://www.dia.es/product_images/286539/286539_ISO_0_ES.jpg?imwidth=392"
  },
  {
    "categoria": "Pescado y marisco",
    "nombre": "Filete de merluza empanada Mari Marinera de Dia bolsa 600 g",
    "precio_unitario": "4,95 €",
    "precio_por_unidad": "(8,25 €/kg)",
    "imagen": "https://www.dia.es/product_images/293946/293946_ISO_0_ES.jpg?imwidth=392"
  },
  {
    "categoria": "Pescado y marisco",
    "nombre": "Sucedáneo de angula MSC Mari Marinera de Dia bandeja 250 g",
    "precio_unitario": "1,99 €",
    "precio_por_unidad": "(7,96 €/kg)",
    "imagen": "https://www.dia.es/product_images/263242/263242_ISO_0_ES.jpg?imwidth=392"
  },
  {
    "categoria": "Pescado y marisco",
    "nombre": "Filete de lubina Mari Marinera de Dia bolsa 180 g",
    "precio_unitario": "3,99 €",
    "precio_por_unidad": "(22,17 €/kg)",
    "imagen": "https://www.dia.es/product_images/298228/298228_ISO_0_ES.jpg?imwidth=392"
  },
  {
    "categoria": "Pescado y marisco",
    "nombre": "Filetes de bacalao MSC Mari Marinera de Dia bandeja 360 g",
    "precio_unitario": "4,99 €",
    "precio_por_unidad": "(13,86 €/kg)",
    "imagen": "https://www.dia.es/product_images/4542/4542_ISO_0_ES.jpg?imwidth=392"
  },
  {
    "categoria": "Pescado y marisco",
    "nombre": "Carne de mejillón cocido Mari Marinera de Dia bolsa 250 g",
    "precio_unitario": "2,14 €",
    "precio_por_unidad": "(8,56 €/kg)",
    "imagen": "https://www.dia.es/product_images/233107/233107_ISO_0_ES.jpg?imwidth=392"
  },
  {
    "categoria": "Pescado y marisco",
    "nombre": "Filete de bacalao 100% natural Mari Marinera de Dia bolsa 300 g",
    "precio_unitario": "4,99 €",
    "precio_por_unidad": "(16,63 €/kg)",
    "imagen": "https://www.dia.es/product_images/300100/300100_ISO_0_ES.jpg?imwidth=392"
  },
  {
    "categoria": "Pescado y marisco",
    "nombre": "Langostino cocido 24/32 piezas Mari Marinera de Dia caja 800 g",
    "precio_unitario": "8,99 €",
    "precio_por_unidad": "(11,24 €/kg)",
    "imagen": "https://www.dia.es/product_images/8456/8456_ISO_0_ES.jpg?imwidth=392"
  },
  {
    "categoria": "Pescado y marisco",
    "nombre": "Anguriñas Pescanova bandeja 200 g",
    "precio_unitario": "1,89 €",
    "precio_por_unidad": "(9,45 €/kg)",
    "imagen": "https://www.dia.es/product_images/71213/71213_ISO_0_ES.jpg?imwidth=392"
  },
  {
    "categoria": "Pescado y marisco",
    "nombre": "Filetes de merluza sin piel baby Pescanova bolsa 400 g",
    "precio_unitario": "5,19 €",
    "precio_por_unidad": "(12,98 €/kg)",
    "imagen": "https://www.dia.es/product_images/69089/69089_ISO_0_ES.jpg?imwidth=392"
  },
  {
    "categoria": "Pescado y marisco",
    "nombre": "Corazones de merluza Pescanova caja 500 g",
    "precio_unitario": "6,79 €",
    "precio_por_unidad": "(13,58 €/kg)",
    "imagen": "https://www.dia.es/product_images/69088/69088_ISO_0_ES.jpg?imwidth=392"
  },
  {
    "categoria": "Pescado y marisco",
    "nombre": "Filetes de bacalao Pescanova bandeja 400 g",
    "precio_unitario": "7,79 €",
    "precio_por_unidad": "(19,48 €/kg)",
    "imagen": "https://www.dia.es/product_images/62059/62059_ISO_0_ES.jpg?imwidth=392"
  },
  {
    "categoria": "Pescado y marisco",
    "nombre": "Preparado de paella con caldo Mari Marinera de Dia bandeja 500 g",
    "precio_unitario": "3,49 €",
    "precio_por_unidad": "(6,98 €/kg)",
    "imagen": "https://www.dia.es/product_images/59239/59239_ISO_0_ES.jpg?imwidth=392"
  },
  {
    "categoria": "Pescado y marisco",
    "nombre": "Anillas a la romana Mari Marinera de Dia bolsa 400 g",
    "precio_unitario": "3,44 €",
    "precio_por_unidad": "(8,60 €/kg)",
    "imagen": "https://www.dia.es/product_images/5206/5206_ISO_0_ES.jpg?imwidth=392"
  },
  {
    "categoria": "Pescado y marisco",
    "nombre": "Langostino crudo grande 32/48 piezas Mari Marinera de Dia caja 800 g",
    "precio_unitario": "7,99 €",
    "precio_por_unidad": "(9,99 €/kg)",
    "imagen": "https://www.dia.es/product_images/47405/47405_ISO_0_ES.jpg?imwidth=392"
  },
  {
    "categoria": "Pescado y marisco",
    "nombre": "Langostino crudo extra 24/32 piezas Mari Marinera de Dia caja 800 g",
    "precio_unitario": "8,99 €",
    "precio_por_unidad": "(11,24 €/kg)",
    "imagen": "https://www.dia.es/product_images/47404/47404_ISO_0_ES.jpg?imwidth=392"
  },
  {
    "categoria": "Pescado y marisco",
    "nombre": "Langostino cocido grande 32/48 piezas Mari Marinera de Dia caja 800 g",
    "precio_unitario": "7,99 €",
    "precio_por_unidad": "(9,99 €/kg)",
    "imagen": "https://www.dia.es/product_images/47403/47403_ISO_0_ES.jpg?imwidth=392"
  },
  {
    "categoria": "Pescado y marisco",
    "nombre": "Palitos de surimi ultracongelados MSC Mari Marinera de Dia bolsa 450 g",
    "precio_unitario": "1,79 €",
    "precio_por_unidad": "(3,98 €/kg)",
    "imagen": "https://www.dia.es/product_images/3374/3374_ISO_0_ES.jpg?imwidth=392"
  },
  {
    "categoria": "Pescado y marisco",
    "nombre": "Filete de merluza del cabo con piel Vento bolsa 600 g",
    "precio_unitario": "4,99 €",
    "precio_por_unidad": "(8,32 €/kg)",
    "imagen": "https://www.dia.es/product_images/303910/303910_ISO_0_ES.jpg?imwidth=392"
  },
  {
    "categoria": "Pescado y marisco",
    "nombre": "Navajas crudas Mari Marinera de Dia bandeja 300 g",
    "precio_unitario": "3,99 €",
    "precio_por_unidad": "(13,30 €/kg)",
    "imagen": "https://www.dia.es/product_images/303709/303709_ISO_0_ES.jpg?imwidth=392"
  },
  {
    "categoria": "Pescado y marisco",
    "nombre": "Saquitos de marisco Al Punto Dia caja 150 g",
    "precio_unitario": "3,99 €",
    "precio_por_unidad": "(26,60 €/kg)",
    "imagen": "https://www.dia.es/product_images/303143/303143_ISO_0_ES.jpg?imwidth=392"
  },
  {
    "categoria": "Pescado y marisco",
    "nombre": "Preparado para fideuá y arroces sin cáscara Mari Marinera de Dia bolsa 450 g",
    "precio_unitario": "3,79 €",
    "precio_por_unidad": "(8,42 €/kg)",
    "imagen": "https://www.dia.es/product_images/301911/301911_ISO_0_ES.jpg?imwidth=392"
  },
  {
    "categoria": "Pescado y marisco",
    "nombre": "Coquina del Mediterráneo Aligator bolsa 250 g",
    "precio_unitario": "3,69 €",
    "precio_por_unidad": "(14,76 €/kg)",
    "imagen": "https://www.dia.es/product_images/300418/300418_ISO_0_ES.jpg?imwidth=392"
  },
  {
    "categoria": "Pescado y marisco",
    "nombre": "Calamar entero limpio patagónico Mari Marinera de Dia bandeja 400 g",
    "precio_unitario": "4,99 €",
    "precio_por_unidad": "(12,48 €/kg)",
    "imagen": "https://www.dia.es/product_images/298941/298941_ISO_0_ES.jpg?imwidth=392"
  },
  {
    "categoria": "Pescado y marisco",
    "nombre": "Filetes de abadejo MSC Mari Marinera de Dia bolsa 500 g",
    "precio_unitario": "4,99 €",
    "precio_por_unidad": "(9,98 €/kg)",
    "imagen": "https://www.dia.es/product_images/298869/298869_ISO_0_ES.jpg?imwidth=392"
  },
  {
    "categoria": "Pescado y marisco",
    "nombre": "Varitas de merluza MSC Mari Marinera de Dia caja 450 g",
    "precio_unitario": "3,99 €",
    "precio_por_unidad": "(8,87 €/kg)",
    "imagen": "https://www.dia.es/product_images/298633/298633_ISO_0_ES.jpg?imwidth=392"
  },
  {
    "categoria": "Pescado y marisco",
    "nombre": "Filete de dorada Mari Marinera de Dia bolsa 180 g",
    "precio_unitario": "3,99 €",
    "precio_por_unidad": "(22,17 €/kg)",
    "imagen": "https://www.dia.es/product_images/298229/298229_ISO_0_ES.jpg?imwidth=392"
  },
  {
    "categoria": "Pescado y marisco",
    "nombre": "Gamba blanca caja 500 g",
    "precio_unitario": "7,99 €",
    "precio_por_unidad": "(15,98 €/kg)",
    "imagen": "https://www.dia.es/product_images/297401/297401_ISO_0_ES.jpg?imwidth=392"
  },
  {
    "categoria": "Pescado y marisco",
    "nombre": "Carne de vieira Mari Marinera de Dia bandeja 200 g",
    "precio_unitario": "9,99 €",
    "precio_por_unidad": "(49,95 €/kg)",
    "imagen": "https://www.dia.es/product_images/296780/296780_ISO_0_ES.jpg?imwidth=392"
  },
  {
    "categoria": "Pescado y marisco",
    "nombre": "Gamba blanca cruda 50/70 piezas Mari Marinera de Dia caja 500 g",
    "precio_unitario": "6,99 €",
    "precio_por_unidad": "(13,98 €/kg)",
    "imagen": "https://www.dia.es/product_images/296057/296057_ISO_0_ES.jpg?imwidth=392"
  },
  {
    "categoria": "Pescado y marisco",
    "nombre": "Buey de mar cocido Mari Marinera de Dia bolsa 450 g",
    "precio_unitario": "6,90 €",
    "precio_por_unidad": "(15,33 €/kg)",
    "imagen": "https://www.dia.es/product_images/29586/29586_ISO_0_ES.jpg?imwidth=392"
  },
  {
    "categoria": "Pescado y marisco",
    "nombre": "Hojaldre de salmón con crema de espinacas MSC Al Punto Dia caja 700 g",
    "precio_unitario": "7,99 €",
    "precio_por_unidad": "(11,41 €/kg)",
    "imagen": "https://www.dia.es/product_images/295183/295183_ISO_0_ES.jpg?imwidth=392"
  },
  {
    "categoria": "Pescado y marisco",
    "nombre": "Langostinos cocidos pelados Pescanova bandeja 180 g",
    "precio_unitario": "3,99 €",
    "precio_por_unidad": "(22,17 €/kg)",
    "imagen": "https://www.dia.es/product_images/294651/294651_ISO_0_ES.jpg?imwidth=392"
  },
  {
    "categoria": "Pescado y marisco",
    "nombre": "Colas de gamba rebozadas Cocinarte bolsa 200 g",
    "precio_unitario": "2,59 €",
    "precio_por_unidad": "(12,95 €/kg)",
    "imagen": "https://www.dia.es/product_images/291763/291763_ISO_0_ES.jpg?imwidth=392"
  },
  {
    "categoria": "Pescado y marisco",
    "nombre": "Tortillitas de camarón Terranova bolsa 400 g",
    "precio_unitario": "3,69 €",
    "precio_por_unidad": "(9,23 €/kg)",
    "imagen": "https://www.dia.es/product_images/291719/291719_ISO_0_ES.jpg?imwidth=392"
  },
  {
    "categoria": "Pescado y marisco",
    "nombre": "Varitas de pescado MSC Findus caja 280 g",
    "precio_unitario": "2,99 €",
    "precio_por_unidad": "(10,68 €/kg)",
    "imagen": "https://www.dia.es/product_images/291396/291396_ISO_0_ES.jpg?imwidth=392"
  },
  {
    "categoria": "Pescado y marisco",
    "nombre": "Nuggets de merluza Pescanova bolsa 300 g",
    "precio_unitario": "2,19 €",
    "precio_por_unidad": "(7,30 €/kg)",
    "imagen": "https://www.dia.es/product_images/289431/289431_ISO_0_ES.jpg?imwidth=392"
  },
  {
    "categoria": "Pescado y marisco",
    "nombre": "Almeja fina Mari Marinera de Dia bandeja 400 g",
    "precio_unitario": "6,99 €",
    "precio_por_unidad": "(17,48 €/kg)",
    "imagen": "https://www.dia.es/product_images/288681/288681_ISO_0_ES.jpg?imwidth=392"
  },
  {
    "categoria": "Pescado y marisco",
    "nombre": "Filetes de atún MSC Mari Marinera de Dia bandeja 250 g",
    "precio_unitario": "3,99 €",
    "precio_por_unidad": "(15,96 €/kg)",
    "imagen": "https://www.dia.es/product_images/288633/288633_ISO_0_ES.jpg?imwidth=392"
  },
  {
    "categoria": "Pescado y marisco",
    "nombre": "Anilla de pota Mari Marinera de Dia bolsa 350 g",
    "precio_unitario": "3,99 €",
    "precio_por_unidad": "(11,40 €/kg)",
    "imagen": "https://www.dia.es/product_images/286538/286538_ISO_0_ES.jpg?imwidth=392"
  },
  {
    "categoria": "Pescado y marisco",
    "nombre": "Tiras de potón Mari Marinera de Dia bolsa 350 g",
    "precio_unitario": "2,99 €",
    "precio_por_unidad": "(8,54 €/kg)",
    "imagen": "https://www.dia.es/product_images/286537/286537_ISO_0_ES.jpg?imwidth=392"
  },
  {
    "categoria": "Pescado y marisco",
    "nombre": "Vieira rellena de vieira, mejillón y gambas Al Punto Dia bolsa 110 g",
    "precio_unitario": "2,49 €",
    "precio_por_unidad": "(22,64 €/kg)",
    "imagen": "https://www.dia.es/product_images/275641/275641_ISO_0_ES.jpg?imwidth=392"
  },
  {
    "categoria": "Pescado y marisco",
    "nombre": "Gamba blanca cocida Mari Marinera de Dia bandeja 300 g",
    "precio_unitario": "6,99 €",
    "precio_por_unidad": "(23,30 €/kg)",
    "imagen": "https://www.dia.es/product_images/274447/274447_ISO_0_ES.jpg?imwidth=392"
  },
  {
    "categoria": "Pescado y marisco",
    "nombre": "Gambón crudo Mari Marinera de Dia caja 800 g",
    "precio_unitario": "9,99 €",
    "precio_por_unidad": "(12,49 €/kg)",
    "imagen": "https://www.dia.es/product_images/273235/273235_ISO_0_ES.jpg?imwidth=392"
  },
  {
    "categoria": "Pescado y marisco",
    "nombre": "Chipirón enharinado Mari Marinera de Dia bolsa 250 g",
    "precio_unitario": "3,49 €",
    "precio_por_unidad": "(13,96 €/kg)",
    "imagen": "https://www.dia.es/product_images/271923/271923_ISO_0_ES.jpg?imwidth=392"
  },
  {
    "categoria": "Pescado y marisco",
    "nombre": "Gambas peladas grandes 35/55 piezas Mari Marinera de Dia bolsa 350 g",
    "precio_unitario": "5,69 €",
    "precio_por_unidad": "(16,26 €/kg)",
    "imagen": "https://www.dia.es/product_images/269058/269058_ISO_0_ES.jpg?imwidth=392"
  },
  {
    "categoria": "Pescado y marisco",
    "nombre": "Nécoras cocidas Mari Marinera de Dia bandeja 500 g",
    "precio_unitario": "5,99 €",
    "precio_por_unidad": "(11,98 €/kg)",
    "imagen": "https://www.dia.es/product_images/266554/266554_ISO_0_ES.jpg?imwidth=392"
  },
  {
    "categoria": "Pescado y marisco",
    "nombre": "Cigalas crudas Mari Marinera de Dia bandeja 500 g",
    "precio_unitario": "8,99 €",
    "precio_por_unidad": "(17,98 €/kg)",
    "imagen": "https://www.dia.es/product_images/266548/266548_ISO_0_ES.jpg?imwidth=392"
  },
  {
    "categoria": "Pescado y marisco",
    "nombre": "Sucedáneo de angula con gambas Mari Marinera de Dia bandeja 250 g",
    "precio_unitario": "2,49 €",
    "precio_por_unidad": "(9,96 €/kg)",
    "imagen": "https://www.dia.es/product_images/263685/263685_ISO_0_ES.jpg?imwidth=392"
  },
  {
    "categoria": "Pescado y marisco",
    "nombre": "Bacalao dorado Marvanejo bandeja 240 g",
    "precio_unitario": "2,99 €",
    "precio_por_unidad": "(12,46 €/kg)",
    "imagen": "https://www.dia.es/product_images/188892/188892_ISO_0_ES.jpg?imwidth=392"
  },
  {
    "categoria": "Pescado y marisco",
    "nombre": "Rodajas de emperador Mari Marinera de Dia bolsa 475 g",
    "precio_unitario": "5,99 €",
    "precio_por_unidad": "(12,61 €/kg)",
    "imagen": "https://www.dia.es/product_images/175857/175857_ISO_0_ES.jpg?imwidth=392"
  },
  {
    "categoria": "Pescado y marisco",
    "nombre": "Colas de gambón pelado crudo Mari Marinera de Dia bandeja 200 g",
    "precio_unitario": "5,19 €",
    "precio_por_unidad": "(25,95 €/kg)",
    "imagen": "https://www.dia.es/product_images/148888/148888_ISO_0_ES.jpg?imwidth=392"
  },
  {
    "categoria": "Pescado y marisco",
    "nombre": "Varitas de merluza sin gluten Pescanova caja 300 g",
    "precio_unitario": "2,69 €",
    "precio_por_unidad": "(8,97 €/kg)",
    "imagen": "https://www.dia.es/product_images/110073/110073_ISO_0_ES.jpg?imwidth=392"
  },
  {
    "categoria": "Carne y pollo",
    "nombre": "Nuggets de pollo Al Punto Dia bolsa 400 g",
    "precio_unitario": "2,99 €",
    "precio_por_unidad": "(7,48 €/kg)",
    "imagen": "https://www.dia.es/product_images/275642/275642_ISO_0_ES.jpg?imwidth=392"
  },
  {
    "categoria": "Carne y pollo",
    "nombre": "San jacobo Al Punto Dia bolsa 320 g",
    "precio_unitario": "1,19 €",
    "precio_por_unidad": "(3,72 €/kg)",
    "imagen": "https://www.dia.es/product_images/43657/43657_ISO_0_ES.jpg?imwidth=392"
  },
  {
    "categoria": "Carne y pollo",
    "nombre": "Fingers de pollo Al Punto Dia bolsa 400 g",
    "precio_unitario": "3,19 €",
    "precio_por_unidad": "(7,98 €/kg)",
    "imagen": "https://www.dia.es/product_images/275644/275644_ISO_0_ES.jpg?imwidth=392"
  },
  {
    "categoria": "Carne y pollo",
    "nombre": "Kebab loncheado de pollo Gourmet Kebab bolsa 250 g",
    "precio_unitario": "3,49 €",
    "precio_por_unidad": "(13,96 €/kg)",
    "imagen": "https://www.dia.es/product_images/293071/293071_ISO_0_ES.jpg?imwidth=392"
  },
  {
    "categoria": "Carne y pollo",
    "nombre": "Crunchy de pollo con salsa barbacoa Fripozo bolsa 300 g",
    "precio_unitario": "2,49 €",
    "precio_por_unidad": "(8,30 €/kg)",
    "imagen": "https://www.dia.es/product_images/230004/230004_ISO_0_ES.jpg?imwidth=392"
  },
  {
    "categoria": "Carne y pollo",
    "nombre": "Nuggets de pollo y queso Al Punto Dia bolsa 400 g",
    "precio_unitario": "3,39 €",
    "precio_por_unidad": "(8,48 €/kg)",
    "imagen": "https://www.dia.es/product_images/275643/275643_ISO_0_ES.jpg?imwidth=392"
  },
  {
    "categoria": "Carne y pollo",
    "nombre": "Finger de pollo La cocinera caja 320 g",
    "precio_unitario": "4,99 €",
    "precio_por_unidad": "(15,59 €/kg)",
    "imagen": "https://www.dia.es/product_images/151245/151245_ISO_0_ES.jpg?imwidth=392"
  },
  {
    "categoria": "Croquetas y rebozados",
    "nombre": "Mini empanadillas de atún Al Punto Dia bolsa 400 g",
    "precio_unitario": "1,53 €",
    "precio_por_unidad": "(3,83 €/kg)",
    "imagen": "https://www.dia.es/product_images/1413/1413_ISO_0_ES.jpg?imwidth=392"
  },
  {
    "categoria": "Croquetas y rebozados",
    "nombre": "Croquetas de jamón Al Punto Dia bolsa 500 g",
    "precio_unitario": "1,25 €",
    "precio_por_unidad": "(2,50 €/kg)",
    "imagen": "https://www.dia.es/product_images/52974/52974_ISO_0_ES.jpg?imwidth=392"
  },
  {
    "categoria": "Croquetas y rebozados",
    "nombre": "Gyozas de pollo Vici bolsa 400 g",
    "precio_unitario": "3,99 €",
    "precio_por_unidad": "(9,98 €/kg)",
    "imagen": "https://www.dia.es/product_images/279115/279115_ISO_0_ES.jpg?imwidth=392"
  },
  {
    "categoria": "Croquetas y rebozados",
    "nombre": "Empanadillas de atún MSC La cocinera caja 312 g",
    "precio_unitario": "4,99 €",
    "precio_por_unidad": "(15,99 €/kg)",
    "imagen": "https://www.dia.es/product_images/912/912_ISO_0_ES.jpg?imwidth=392"
  },
  {
    "categoria": "Croquetas y rebozados",
    "nombre": "Empanadillas de atún Al Punto Dia bolsa 500 g",
    "precio_unitario": "1,90 €",
    "precio_por_unidad": "(3,80 €/kg)",
    "imagen": "https://www.dia.es/product_images/275645/275645_ISO_0_ES.jpg?imwidth=392"
  },
  {
    "categoria": "Croquetas y rebozados",
    "nombre": "Croquetas de cocido Al Punto Dia bolsa 350 g",
    "precio_unitario": "1,99 €",
    "precio_por_unidad": "(5,69 €/kg)",
    "imagen": "https://www.dia.es/product_images/275648/275648_ISO_0_ES.jpg?imwidth=392"
  },
  {
    "categoria": "Croquetas y rebozados",
    "nombre": "Palitos de mozzarella Al Punto Dia bolsa 300 g",
    "precio_unitario": "2,59 €",
    "precio_por_unidad": "(8,63 €/kg)",
    "imagen": "https://www.dia.es/product_images/294202/294202_ISO_0_ES.jpg?imwidth=392"
  },
  {
    "categoria": "Croquetas y rebozados",
    "nombre": "Croquetas de pollo Al Punto Dia bolsa 450 g",
    "precio_unitario": "1,49 €",
    "precio_por_unidad": "(3,31 €/kg)",
    "imagen": "https://www.dia.es/product_images/275647/275647_ISO_0_ES.jpg?imwidth=392"
  },
  {
    "categoria": "Croquetas y rebozados",
    "nombre": "Croquetas cremosas de queso azul y cebolla caramelizada Al Punto Dia bolsa 300 g",
    "precio_unitario": "2,99 €",
    "precio_por_unidad": "(9,97 €/kg)",
    "imagen": "https://www.dia.es/product_images/303139/303139_ISO_0_ES.jpg?imwidth=392"
  },
  {
    "categoria": "Croquetas y rebozados",
    "nombre": "Croquetas cremosas de jamón ibérico Al Punto Dia bolsa 350 g",
    "precio_unitario": "2,49 €",
    "precio_por_unidad": "(7,11 €/kg)",
    "imagen": "https://www.dia.es/product_images/296392/296392_ISO_0_ES.jpg?imwidth=392"
  },
  {
    "categoria": "Croquetas y rebozados",
    "nombre": "Rollitos de primavera Al Punto Dia caja 450 g",
    "precio_unitario": "2,99 €",
    "precio_por_unidad": "(6,64 €/kg)",
    "imagen": "https://www.dia.es/product_images/65417/65417_ISO_0_ES.jpg?imwidth=392"
  },
  {
    "categoria": "Croquetas y rebozados",
    "nombre": "Tequeños de queso Amaizin caja 190 g",
    "precio_unitario": "2,99 €",
    "precio_por_unidad": "(15,74 €/kg)",
    "imagen": "https://www.dia.es/product_images/294771/294771_ISO_0_ES.jpg?imwidth=392"
  },
  {
    "categoria": "Croquetas y rebozados",
    "nombre": "Croquetas cremosas de pollo y trufa Al Punto Dia bolsa 300 g",
    "precio_unitario": "2,99 €",
    "precio_por_unidad": "(9,97 €/kg)",
    "imagen": "https://www.dia.es/product_images/303141/303141_ISO_0_ES.jpg?imwidth=392"
  },
  {
    "categoria": "Croquetas y rebozados",
    "nombre": "Croquetas cremosas de gambón Al Punto Dia bolsa 300 g",
    "precio_unitario": "2,99 €",
    "precio_por_unidad": "(9,97 €/kg)",
    "imagen": "https://www.dia.es/product_images/303138/303138_ISO_0_ES.jpg?imwidth=392"
  },
  {
    "categoria": "Croquetas y rebozados",
    "nombre": "Croquetas cremosas de boletus edulis Al Punto Dia bolsa 300 g",
    "precio_unitario": "2,99 €",
    "precio_por_unidad": "(9,97 €/kg)",
    "imagen": "https://www.dia.es/product_images/303140/303140_ISO_0_ES.jpg?imwidth=392"
  },
  {
    "categoria": "Croquetas y rebozados",
    "nombre": "Croquetas artesanas de jamón ibérico La cocinera bolsa 400 g",
    "precio_unitario": "4,95 €",
    "precio_por_unidad": "(12,38 €/kg)",
    "imagen": "https://www.dia.es/product_images/130345/130345_ISO_0_ES.jpg?imwidth=392"
  },
  {
    "categoria": "Churros y postres",
    "nombre": "Churros lazo Al Punto Dia bolsa 500 g",
    "precio_unitario": "1,49 €",
    "precio_por_unidad": "(2,98 €/kg)",
    "imagen": "https://www.dia.es/product_images/294456/294456_ISO_0_ES.jpg?imwidth=392"
  },
  {
    "categoria": "Churros y postres",
    "nombre": "Frutos rojos Congelados de Navarra bolsa 300 g",
    "precio_unitario": "1,62 €",
    "precio_por_unidad": "(5,40 €/kg)",
    "imagen": "https://www.dia.es/product_images/290110/290110_ISO_0_ES.jpg?imwidth=392"
  },
  {
    "categoria": "Churros y postres",
    "nombre": "Porras fritas Al Punto Dia bolsa 250 g",
    "precio_unitario": "1,98 €",
    "precio_por_unidad": "(7,92 €/kg)",
    "imagen": "https://www.dia.es/product_images/294457/294457_ISO_0_ES.jpg?imwidth=392"
  },
  {
    "categoria": "Churros y postres",
    "nombre": "Fresas congeladas La cuerva bolsa 300 g",
    "precio_unitario": "1,68 €",
    "precio_por_unidad": "(5,60 €/kg)",
    "imagen": "https://www.dia.es/product_images/301001/301001_ISO_0_ES.jpg?imwidth=392"
  },
  {
    "categoria": "Churros y postres",
    "nombre": "Tarta de queso con frambuesas Philadelphia caja 390 g",
    "precio_unitario": "7,35 €",
    "precio_por_unidad": "(18,85 €/kg)",
    "imagen": "https://www.dia.es/product_images/257686/257686_ISO_0_ES.jpg?imwidth=392"
  },
  {
    "categoria": "Churros y postres",
    "nombre": "Brazo de chocolate Sietem bandeja 500 g",
    "precio_unitario": "6,99 €",
    "precio_por_unidad": "(13,98 €/kg)",
    "imagen": "https://www.dia.es/product_images/289201/289201_ISO_0_ES.jpg?imwidth=392"
  },
  {
    "categoria": "Churros y postres",
    "nombre": "Tarta bombón San Martín bandeja 1 Kg",
    "precio_unitario": "10,95 €",
    "precio_por_unidad": "(10,95 €/kg)",
    "imagen": "https://www.dia.es/product_images/218126/218126_ISO_0_ES.jpg?imwidth=392"
  },
  {
    "categoria": "Churros y postres",
    "nombre": "Tarta de zanahoria San Martín bandeja 770 g",
    "precio_unitario": "10,59 €",
    "precio_por_unidad": "(13,75 €/kg)",
    "imagen": "https://www.dia.es/product_images/284586/284586_ISO_0_ES.jpg?imwidth=392"
  },
  {
    "categoria": "Churros y postres",
    "nombre": "Tarta red velvet San Martín bandeja 625 g",
    "precio_unitario": "10,59 €",
    "precio_por_unidad": "(16,94 €/kg)",
    "imagen": "https://www.dia.es/product_images/304288/304288_ISO_0_ES.jpg?imwidth=392"
  },
  {
    "categoria": "Churros y postres",
    "nombre": "Tarta bombón infantil niño San Martín bandeja 500 g",
    "precio_unitario": "6,25 €",
    "precio_por_unidad": "(12,50 €/kg)",
    "imagen": "https://www.dia.es/product_images/284584/284584_ISO_0_ES.jpg?imwidth=392"
  },
  {
    "categoria": "Lasañas y pasta",
    "nombre": "Canelón de carne Al Punto Dia bolsa 300 g",
    "precio_unitario": "1,00 €",
    "precio_por_unidad": "(3,33 €/kg)",
    "imagen": "https://www.dia.es/product_images/275225/275225_ISO_0_ES.jpg?imwidth=392"
  },
  {
    "categoria": "Lasañas y pasta",
    "nombre": "Canelón de atún Al Punto Dia caja 300 g",
    "precio_unitario": "1,00 €",
    "precio_por_unidad": "(3,33 €/kg)",
    "imagen": "https://www.dia.es/product_images/275226/275226_ISO_0_ES.jpg?imwidth=392"
  },
  {
    "categoria": "Lasañas y pasta",
    "nombre": "Lasaña boloñesa Al Punto Dia caja 300 g",
    "precio_unitario": "1,67 €",
    "precio_por_unidad": "(5,57 €/kg)",
    "imagen": "https://www.dia.es/product_images/275223/275223_ISO_0_ES.jpg?imwidth=392"
  },
  {
    "categoria": "Lasañas y pasta",
    "nombre": "Lasaña de verdura Al Punto Dia bolsa 300 g",
    "precio_unitario": "1,67 €",
    "precio_por_unidad": "(5,57 €/kg)",
    "imagen": "https://www.dia.es/product_images/275228/275228_ISO_0_ES.jpg?imwidth=392"
  },
  {
    "categoria": "Lasañas y pasta",
    "nombre": "Canelones de cochinillo Al Punto Dia caja 300 g",
    "precio_unitario": "2,49 €",
    "precio_por_unidad": "(8,30 €/kg)",
    "imagen": "https://www.dia.es/product_images/303107/303107_ISO_0_ES.jpg?imwidth=392"
  },
  {
    "categoria": "Lasañas y pasta",
    "nombre": "Canelones de foie y trufa Al Punto Dia caja 300 g",
    "precio_unitario": "2,49 €",
    "precio_por_unidad": "(8,30 €/kg)",
    "imagen": "https://www.dia.es/product_images/303106/303106_ISO_0_ES.jpg?imwidth=392"
  },
  {
    "categoria": "Lasañas y pasta",
    "nombre": "Canelones de marisco Al Punto Dia caja 300 g",
    "precio_unitario": "2,49 €",
    "precio_por_unidad": "(8,30 €/kg)",
    "imagen": "https://www.dia.es/product_images/303109/303109_ISO_0_ES.jpg?imwidth=392"
  },
  {
    "categoria": "Lasañas y pasta",
    "nombre": "Lasaña boloñesa La cocinera caja 500 g",
    "precio_unitario": "4,99 €",
    "precio_por_unidad": "(9,98 €/kg)",
    "imagen": "https://www.dia.es/product_images/16263/16263_ISO_0_ES.jpg?imwidth=392"
  },
  {
    "categoria": "Papilla",
    "nombre": "Papilla de cereales con miel Nestlé caja 725 g",
    "precio_unitario": "5,45 €",
    "precio_por_unidad": "(7,52 €/kg)",
    "imagen": "https://www.dia.es/product_images/293494/293494_ISO_0_ES.jpg?imwidth=392"
  },
  {
    "categoria": "Papilla",
    "nombre": "Papilla de cereales y galleta Nestlé caja 475 g",
    "precio_unitario": "3,95 €",
    "precio_por_unidad": "(8,32 €/kg)",
    "imagen": "https://www.dia.es/product_images/293490/293490_ISO_0_ES.jpg?imwidth=392"
  },
  {
    "categoria": "Papilla",
    "nombre": "Papilla 8 cereales sin azúcares añadidos Hero Baby caja 410 g",
    "precio_unitario": "3,90 €",
    "precio_por_unidad": "(9,51 €/kg)",
    "imagen": "https://www.dia.es/product_images/257968/257968_ISO_0_ES.jpg?imwidth=392"
  },
  {
    "categoria": "Papilla",
    "nombre": "Papilla de 8 cereales Nestlé caja 475 g",
    "precio_unitario": "3,95 €",
    "precio_por_unidad": "(8,32 €/kg)",
    "imagen": "https://www.dia.es/product_images/293488/293488_ISO_0_ES.jpg?imwidth=392"
  },
  {
    "categoria": "Papilla",
    "nombre": "Papilla de arroz sin gluten Nestlé caja 180 g",
    "precio_unitario": "2,59 €",
    "precio_por_unidad": "(14,39 €/kg)",
    "imagen": "https://www.dia.es/product_images/302104/302104_ISO_0_ES.jpg?imwidth=392"
  },
  {
    "categoria": "Papilla",
    "nombre": "Papilla de cereales con miel Nestlé caja 475 g",
    "precio_unitario": "3,95 €",
    "precio_por_unidad": "(8,32 €/kg)",
    "imagen": "https://www.dia.es/product_images/293492/293492_ISO_0_ES.jpg?imwidth=392"
  },
  {
    "categoria": "Papilla",
    "nombre": "Papilla líquida 8 cereales con galleta y leche continuación Nestlé brik 2 x 250 ml",
    "precio_unitario": "2,59 €",
    "precio_por_unidad": "(5,18 €/L)",
    "imagen": "https://www.dia.es/product_images/83913/83913_ISO_0_ES.jpg?imwidth=392"
  },
  {
    "categoria": "Papilla",
    "nombre": "Papilla crema de arroz sin azúcares añadidos Hero caja 220 g",
    "precio_unitario": "2,95 €",
    "precio_por_unidad": "(13,41 €/kg)",
    "imagen": "https://www.dia.es/product_images/290615/290615_ISO_0_ES.jpg?imwidth=392"
  },
  {
    "categoria": "Papilla",
    "nombre": "Peque galletas junior Nestlé bolsa 180 g",
    "precio_unitario": "3,59 €",
    "precio_por_unidad": "(19,94 €/kg)",
    "imagen": "https://www.dia.es/product_images/186779/186779_ISO_0_ES.jpg?imwidth=392"
  },
  {
    "categoria": "Leche infantil",
    "nombre": "Leche infantil crecimiento con cereales Puleva brik 1 l",
    "precio_unitario": "1,95 €",
    "precio_por_unidad": "(1,95 €/L)",
    "imagen": "https://www.dia.es/product_images/105590/105590_ISO_0_ES.jpg?imwidth=392"
  },
  {
    "categoria": "Leche infantil",
    "nombre": "Leche infantil 1 inicio Nativa lata 800 g",
    "precio_unitario": "11,90 €",
    "precio_por_unidad": "(14,88 €/kg)",
    "imagen": "https://www.dia.es/product_images/129742/129742_ISO_0_ES.jpg?imwidth=392"
  },
  {
    "categoria": "Leche infantil",
    "nombre": "Leche crecimiento con galleta maría +3 años Nestlé brik 1 l",
    "precio_unitario": "2,35 €",
    "precio_por_unidad": "(2,35 €/L)",
    "imagen": "https://www.dia.es/product_images/155416/155416_ISO_0_ES.jpg?imwidth=392"
  },
  {
    "categoria": "Leche infantil",
    "nombre": "Leche infantil 2 continuación Nativa lata 800 g",
    "precio_unitario": "11,90 €",
    "precio_por_unidad": "(14,88 €/kg)",
    "imagen": "https://www.dia.es/product_images/108337/108337_ISO_0_ES.jpg?imwidth=392"
  },
  {
    "categoria": "Leche infantil",
    "nombre": "Leche de continuación Nativa brik 1 l",
    "precio_unitario": "2,39 €",
    "precio_por_unidad": "(2,39 €/L)",
    "imagen": "https://www.dia.es/product_images/285022/285022_ISO_0_ES.jpg?imwidth=392"
  },
  {
    "categoria": "Leche infantil",
    "nombre": "Leche infantil 1 inicio premium Nidina lata 800 g",
    "precio_unitario": "14,90 €",
    "precio_por_unidad": "(18,63 €/kg)",
    "imagen": "https://www.dia.es/product_images/129743/129743_ISO_0_ES.jpg?imwidth=392"
  },
  {
    "categoria": "Leche infantil",
    "nombre": "Leche crecimiento Puleva brik 1 l",
    "precio_unitario": "1,95 €",
    "precio_por_unidad": "(1,95 €/L)",
    "imagen": "https://www.dia.es/product_images/83977/83977_ISO_0_ES.jpg?imwidth=392"
  },
  {
    "categoria": "Leche infantil",
    "nombre": "Leche multifrutas Puleva brik 3 x 200 ml",
    "precio_unitario": "1,95 €",
    "precio_por_unidad": "(3,25 €/L)",
    "imagen": "https://www.dia.es/product_images/129428/129428_ISO_0_ES.jpg?imwidth=392"
  },
  {
    "categoria": "Leche infantil",
    "nombre": "Leche infantil 2 classic Hero Baby Nutrasense bote 800 g",
    "precio_unitario": "11,95 €",
    "precio_por_unidad": "(14,94 €/kg)",
    "imagen": "https://www.dia.es/product_images/301827/301827_ISO_0_ES.jpg?imwidth=392"
  },
  {
    "categoria": "Leche infantil",
    "nombre": "Leche peques3 crecimiento con omega Puleva brik 1 l",
    "precio_unitario": "1,95 €",
    "precio_por_unidad": "(1,95 €/L)",
    "imagen": "https://www.dia.es/product_images/78262/78262_ISO_0_ES.jpg?imwidth=392"
  },
  {
    "categoria": "Leche infantil",
    "nombre": "Leche infantil crecimiento con galleta maria Nativa brik 1 l",
    "precio_unitario": "2,39 €",
    "precio_por_unidad": "(2,39 €/L)",
    "imagen": "https://www.dia.es/product_images/182329/182329_ISO_0_ES.jpg?imwidth=392"
  },
  {
    "categoria": "Leche infantil",
    "nombre": "Leche infantil 2 continuación Nidina lata 800 g",
    "precio_unitario": "17,90 €",
    "precio_por_unidad": "(22,38 €/kg)",
    "imagen": "https://www.dia.es/product_images/107434/107434_ISO_0_ES.jpg?imwidth=392"
  },
  {
    "categoria": "Leche infantil",
    "nombre": "Leche crecimiento con cereales +12 meses Nativa brik 1 l",
    "precio_unitario": "2,39 €",
    "precio_por_unidad": "(2,39 €/L)",
    "imagen": "https://www.dia.es/product_images/40297/40297_ISO_0_ES.jpg?imwidth=392"
  },
  {
    "categoria": "Leche infantil",
    "nombre": "Bebida con cereales y cacao pack Puleva brik 3 x 200 ml",
    "precio_unitario": "1,95 €",
    "precio_por_unidad": "(3,25 €/L)",
    "imagen": "https://www.dia.es/product_images/130227/130227_ISO_0_ES.jpg?imwidth=392"
  },
  {
    "categoria": "Leche infantil",
    "nombre": "Leche crecimiento original +12 meses Nativa brik 1 l",
    "precio_unitario": "2,39 €",
    "precio_por_unidad": "(2,39 €/L)",
    "imagen": "https://www.dia.es/product_images/1479/1479_ISO_0_ES.jpg?imwidth=392"
  },
  {
    "categoria": "Leche infantil",
    "nombre": "Leche infantil crecimiento con cereales Nestlé brik 1 l",
    "precio_unitario": "2,35 €",
    "precio_por_unidad": "(2,35 €/L)",
    "imagen": "https://www.dia.es/product_images/265764/265764_ISO_0_ES.jpg?imwidth=392"
  },
  {
    "categoria": "Leche infantil",
    "nombre": "Leche infantil 1 classic Hero Baby Nutrasense bote 800 g",
    "precio_unitario": "11,95 €",
    "precio_por_unidad": "(14,94 €/kg)",
    "imagen": "https://www.dia.es/product_images/301826/301826_ISO_0_ES.jpg?imwidth=392"
  },
  {
    "categoria": "Leche infantil",
    "nombre": "Leche infantil 1 inicio Hero Baby Nutrasense premium bote 800 g",
    "precio_unitario": "16,95 €",
    "precio_por_unidad": "(21,19 €/kg)",
    "imagen": "https://www.dia.es/product_images/293652/293652_ISO_0_ES.jpg?imwidth=392"
  },
  {
    "categoria": "Leche infantil",
    "nombre": "Leche infantil 3 crecimiento Nidina lata 800 g",
    "precio_unitario": "17,90 €",
    "precio_por_unidad": "(22,38 €/kg)",
    "imagen": "https://www.dia.es/product_images/107406/107406_ISO_0_ES.jpg?imwidth=392"
  },
  {
    "categoria": "Yogures, bolsitas de frutas y snacks",
    "nombre": "Puré de fruta variada Planeta Bebé de Dia bolsa 100 g",
    "precio_unitario": "0,90 €",
    "precio_por_unidad": "(9,00 €/kg)",
    "imagen": "https://www.dia.es/product_images/293480/293480_ISO_0_ES.jpg?imwidth=392"
  },
  {
    "categoria": "Yogures, bolsitas de frutas y snacks",
    "nombre": "Puré de fresa y plátano Planeta Bebé de Dia bolsa 100 g",
    "precio_unitario": "0,90 €",
    "precio_por_unidad": "(9,00 €/kg)",
    "imagen": "https://www.dia.es/product_images/293479/293479_ISO_0_ES.jpg?imwidth=392"
  },
  {
    "categoria": "Yogures, bolsitas de frutas y snacks",
    "nombre": "Yogur con fresa y plátano Planeta Bebé de Dia bolsa 100 g",
    "precio_unitario": "0,90 €",
    "precio_por_unidad": "(9,00 €/kg)",
    "imagen": "https://www.dia.es/product_images/293481/293481_ISO_0_ES.jpg?imwidth=392"
  },
  {
    "categoria": "Yogures, bolsitas de frutas y snacks",
    "nombre": "Puré de plátano y fresa cool fruits Nestlé bolsa 110 g",
    "precio_unitario": "1,00 €",
    "precio_por_unidad": "(9,09 €/kg)",
    "imagen": "https://www.dia.es/product_images/274109/274109_ISO_0_ES.jpg?imwidth=392"
  },
  {
    "categoria": "Yogures, bolsitas de frutas y snacks",
    "nombre": "Puré de 4 frutas happy fruits Nestlé bolsa 110 g",
    "precio_unitario": "1,00 €",
    "precio_por_unidad": "(9,09 €/kg)",
    "imagen": "https://www.dia.es/product_images/274107/274107_ISO_0_ES.jpg?imwidth=392"
  },
  {
    "categoria": "Yogures, bolsitas de frutas y snacks",
    "nombre": "Puré multifrutas crazy fruits Nestlé bolsa 110 g",
    "precio_unitario": "1,00 €",
    "precio_por_unidad": "(9,09 €/kg)",
    "imagen": "https://www.dia.es/product_images/291008/291008_ISO_0_ES.jpg?imwidth=392"
  },
  {
    "categoria": "Yogures, bolsitas de frutas y snacks",
    "nombre": "Leche fermentada con puré de plátano Nestlé Yogolino bolsa 100 g",
    "precio_unitario": "1,00 €",
    "precio_por_unidad": "(10,00 €/kg)",
    "imagen": "https://www.dia.es/product_images/208913/208913_ISO_0_ES.jpg?imwidth=392"
  },
  {
    "categoria": "Yogures, bolsitas de frutas y snacks",
    "nombre": "Puré de plátano, fresa y manzana Hero bolsa 4 x 100 g",
    "precio_unitario": "4,75 €",
    "precio_por_unidad": "(11,88 €/kg)",
    "imagen": "https://www.dia.es/product_images/285677/285677_ISO_0_ES.jpg?imwidth=392"
  },
  {
    "categoria": "Yogures, bolsitas de frutas y snacks",
    "nombre": "Puré manzana y plátano Nestlé bolsa 90 g",
    "precio_unitario": "1,00 €",
    "precio_por_unidad": "(11,11 €/kg)",
    "imagen": "https://www.dia.es/product_images/196824/196824_ISO_0_ES.jpg?imwidth=392"
  },
  {
    "categoria": "Yogures, bolsitas de frutas y snacks",
    "nombre": "Puré multifrutas con galleta Hero bolsa 100 g",
    "precio_unitario": "0,99 €",
    "precio_por_unidad": "(9,90 €/kg)",
    "imagen": "https://www.dia.es/product_images/218991/218991_ISO_0_ES.jpg?imwidth=392"
  },
  {
    "categoria": "Yogures, bolsitas de frutas y snacks",
    "nombre": "Snack smilitos Smileat bolsa 38 g",
    "precio_unitario": "1,65 €",
    "precio_por_unidad": "(43,42 €/kg)",
    "imagen": "https://www.dia.es/product_images/255353/255353_ISO_0_ES.jpg?imwidth=392"
  },
  {
    "categoria": "Yogures, bolsitas de frutas y snacks",
    "nombre": "Postre lácteo de plátano Nestlé Yogolino pack 4 x 100 g",
    "precio_unitario": "2,99 €",
    "precio_por_unidad": "(7,48 €/kg)",
    "imagen": "https://www.dia.es/product_images/50238/50238_ISO_0_ES.jpg?imwidth=392"
  },
  {
    "categoria": "Yogures, bolsitas de frutas y snacks",
    "nombre": "Natillas con galleta Nestlé Yogolino pack 4 x 100 g",
    "precio_unitario": "3,59 €",
    "precio_por_unidad": "(8,98 €/kg)",
    "imagen": "https://www.dia.es/product_images/274111/274111_ISO_0_ES.jpg?imwidth=392"
  },
  {
    "categoria": "Yogures, bolsitas de frutas y snacks",
    "nombre": "Postre lacteo fresa Nestlé Yogolino pack 4 x 100 g",
    "precio_unitario": "2,99 €",
    "precio_por_unidad": "(7,48 €/kg)",
    "imagen": "https://www.dia.es/product_images/83548/83548_ISO_0_ES.jpg?imwidth=392"
  },
  {
    "categoria": "Yogures, bolsitas de frutas y snacks",
    "nombre": "Postre lácteo natural Nestlé Yogolino pack 4 x 100 g",
    "precio_unitario": "2,99 €",
    "precio_por_unidad": "(7,48 €/kg)",
    "imagen": "https://www.dia.es/product_images/159174/159174_ISO_0_ES.jpg?imwidth=392"
  },
  {
    "categoria": "Yogures, bolsitas de frutas y snacks",
    "nombre": "Snacks de zanahoria y maíz Hero bolsa 40 g",
    "precio_unitario": "2,49 €",
    "precio_por_unidad": "(62,25 €/kg)",
    "imagen": "https://www.dia.es/product_images/269527/269527_ISO_0_ES.jpg?imwidth=392"
  },
  {
    "categoria": "Yogures, bolsitas de frutas y snacks",
    "nombre": "Puré de fruta mediterráneo Hero bolsa 100 g",
    "precio_unitario": "1,19 €",
    "precio_por_unidad": "(11,90 €/kg)",
    "imagen": "https://www.dia.es/product_images/186795/186795_ISO_0_ES.jpg?imwidth=392"
  },
  {
    "categoria": "Yogures, bolsitas de frutas y snacks",
    "nombre": "Puré de naranja, plátano, pera y galleta Hero bolsa 4 x 100 g",
    "precio_unitario": "4,75 €",
    "precio_por_unidad": "(11,88 €/kg)",
    "imagen": "https://www.dia.es/product_images/285678/285678_ISO_0_ES.jpg?imwidth=392"
  },
  {
    "categoria": "Yogures, bolsitas de frutas y snacks",
    "nombre": "Puré de pera, plátano y naranja 100% ecológica Hero bolsa 100 g",
    "precio_unitario": "1,59 €",
    "precio_por_unidad": "(15,90 €/kg)",
    "imagen": "https://www.dia.es/product_images/234340/234340_ISO_0_ES.jpg?imwidth=392"
  },
  {
    "categoria": "Yogures, bolsitas de frutas y snacks",
    "nombre": "Puré de plátano, fresa y manzana Hero bolsa 100 g",
    "precio_unitario": "1,19 €",
    "precio_por_unidad": "(11,90 €/kg)",
    "imagen": "https://www.dia.es/product_images/155755/155755_ISO_0_ES.jpg?imwidth=392"
  },
  {
    "categoria": "Yogures, bolsitas de frutas y snacks",
    "nombre": "Puré de plátano,naranja y galleta Nestlé bolsa 4 x 90 g",
    "precio_unitario": "4,59 €",
    "precio_por_unidad": "(12,75 €/kg)",
    "imagen": "https://www.dia.es/product_images/282954/282954_ISO_0_ES.jpg?imwidth=392"
  },
  {
    "categoria": "Yogures, bolsitas de frutas y snacks",
    "nombre": "Leche fermentada natural Nestlé Yogolino bolsa 100 g",
    "precio_unitario": "1,00 €",
    "precio_por_unidad": "(10,00 €/kg)",
    "imagen": "https://www.dia.es/product_images/282337/282337_ISO_0_ES.jpg?imwidth=392"
  },
  {
    "categoria": "Yogures, bolsitas de frutas y snacks",
    "nombre": "Fresa plátano Smileat bolsa 100 g",
    "precio_unitario": "1,75 €",
    "precio_por_unidad": "(17,50 €/kg)",
    "imagen": "https://www.dia.es/product_images/247782/247782_ISO_0_ES.jpg?imwidth=392"
  },
  {
    "categoria": "Yogures, bolsitas de frutas y snacks",
    "nombre": "Puré de frutas de manzana, plátano y fresa Nestlé Naturnes bolsa 90 g",
    "precio_unitario": "1,25 €",
    "precio_por_unidad": "(13,89 €/kg)",
    "imagen": "https://www.dia.es/product_images/238435/238435_ISO_0_ES.jpg?imwidth=392"
  },
  {
    "categoria": "Yogures, bolsitas de frutas y snacks",
    "nombre": "Puré multifrutas Nestlé bolsa 90 g",
    "precio_unitario": "1,00 €",
    "precio_por_unidad": "(11,11 €/kg)",
    "imagen": "https://www.dia.es/product_images/230656/230656_ISO_0_ES.jpg?imwidth=392"
  },
  {
    "categoria": "Yogures, bolsitas de frutas y snacks",
    "nombre": "Leche fermentada con puré de manzana y fresa Nestlé Yogolino bolsa 100 g",
    "precio_unitario": "1,00 €",
    "precio_por_unidad": "(10,00 €/kg)",
    "imagen": "https://www.dia.es/product_images/208914/208914_ISO_0_ES.jpg?imwidth=392"
  },
  {
    "categoria": "Yogures, bolsitas de frutas y snacks",
    "nombre": "Puré de 4 frutas Nestlé Naturnes bolsa 90 g",
    "precio_unitario": "1,00 €",
    "precio_por_unidad": "(11,11 €/kg)",
    "imagen": "https://www.dia.es/product_images/183449/183449_ISO_0_ES.jpg?imwidth=392"
  },
  {
    "categoria": "Yogures, bolsitas de frutas y snacks",
    "nombre": "Yogur con plátano y fresa Hero bolsa 100 g",
    "precio_unitario": "1,19 €",
    "precio_por_unidad": "(11,90 €/kg)",
    "imagen": "https://www.dia.es/product_images/174311/174311_ISO_0_ES.jpg?imwidth=392"
  },
  {
    "categoria": "Yogures, bolsitas de frutas y snacks",
    "nombre": "Puré de frutas y galleta Hero bolsa 100 g",
    "precio_unitario": "1,19 €",
    "precio_por_unidad": "(11,90 €/kg)",
    "imagen": "https://www.dia.es/product_images/162850/162850_ISO_0_ES.jpg?imwidth=392"
  },
  {
    "categoria": "Potitos y tarritos",
    "nombre": "Menestra con jamón y ternera Hero frasco 235 g",
    "precio_unitario": "1,69 €",
    "precio_por_unidad": "(7,19 €/kg)",
    "imagen": "https://www.dia.es/product_images/1931/1931_ISO_0_ES.jpg?imwidth=392"
  },
  {
    "categoria": "Potitos y tarritos",
    "nombre": "Puré de frutas con galleta Planeta Bebé de Dia pack 2 x 200 g",
    "precio_unitario": "2,12 €",
    "precio_por_unidad": "(5,30 €/kg)",
    "imagen": "https://www.dia.es/product_images/162334/162334_ISO_0_ES.jpg?imwidth=392"
  },
  {
    "categoria": "Potitos y tarritos",
    "nombre": "Verduritas con delicias de pavo Hero frasco 235 g",
    "precio_unitario": "1,69 €",
    "precio_por_unidad": "(7,19 €/kg)",
    "imagen": "https://www.dia.es/product_images/130098/130098_ISO_0_ES.jpg?imwidth=392"
  },
  {
    "categoria": "Potitos y tarritos",
    "nombre": "Arroz con pollo Hero frasco 235 g",
    "precio_unitario": "1,69 €",
    "precio_por_unidad": "(7,19 €/kg)",
    "imagen": "https://www.dia.es/product_images/1932/1932_ISO_0_ES.jpg?imwidth=392"
  },
  {
    "categoria": "Potitos y tarritos",
    "nombre": "Puré de frutas variadas Hero frasco 190 g",
    "precio_unitario": "1,29 €",
    "precio_por_unidad": "(6,79 €/kg)",
    "imagen": "https://www.dia.es/product_images/296343/296343_ISO_0_ES.jpg?imwidth=392"
  },
  {
    "categoria": "Potitos y tarritos",
    "nombre": "Verduritas con pollo y ternera Hero frasco 235 g",
    "precio_unitario": "1,69 €",
    "precio_por_unidad": "(7,19 €/kg)",
    "imagen": "https://www.dia.es/product_images/1024/1024_ISO_0_ES.jpg?imwidth=392"
  },
  {
    "categoria": "Potitos y tarritos",
    "nombre": "Puré de frutas variadas Planeta Bebé de Dia pack 2 x 200 g",
    "precio_unitario": "2,12 €",
    "precio_por_unidad": "(5,30 €/kg)",
    "imagen": "https://www.dia.es/product_images/151111/151111_ISO_0_ES.jpg?imwidth=392"
  },
  {
    "categoria": "Potitos y tarritos",
    "nombre": "Puré verduritas con pollo Hero frasco 380 g",
    "precio_unitario": "2,99 €",
    "precio_por_unidad": "(7,87 €/kg)",
    "imagen": "https://www.dia.es/product_images/74399/74399_ISO_0_ES.jpg?imwidth=392"
  },
  {
    "categoria": "Potitos y tarritos",
    "nombre": "Verduritas con merluza Hero frasco 235 g",
    "precio_unitario": "1,69 €",
    "precio_por_unidad": "(7,19 €/kg)",
    "imagen": "https://www.dia.es/product_images/39480/39480_ISO_0_ES.jpg?imwidth=392"
  },
  {
    "categoria": "Potitos y tarritos",
    "nombre": "Crema de bechamel con lenguado Hero frasco 235 g",
    "precio_unitario": "1,69 €",
    "precio_por_unidad": "(7,19 €/kg)",
    "imagen": "https://www.dia.es/product_images/1027/1027_ISO_0_ES.jpg?imwidth=392"
  },
  {
    "categoria": "Potitos y tarritos",
    "nombre": "Preparado de 7 frutas sin gluten Nestlé pack 4 x 100 g",
    "precio_unitario": "2,85 €",
    "precio_por_unidad": "(7,13 €/kg)",
    "imagen": "https://www.dia.es/product_images/149704/149704_ISO_0_ES.jpg?imwidth=392"
  },
  {
    "categoria": "Potitos y tarritos",
    "nombre": "Preparado de manzana y plátano Nestlé pack 4 x 100 g",
    "precio_unitario": "2,85 €",
    "precio_por_unidad": "(7,13 €/kg)",
    "imagen": "https://www.dia.es/product_images/37405/37405_ISO_0_ES.jpg?imwidth=392"
  },
  {
    "categoria": "Potitos y tarritos",
    "nombre": "Puré de arroz blanco con pollo Nestlé frasco 190 g",
    "precio_unitario": "1,89 €",
    "precio_por_unidad": "(9,95 €/kg)",
    "imagen": "https://www.dia.es/product_images/298220/298220_ISO_0_ES.jpg?imwidth=392"
  },
  {
    "categoria": "Potitos y tarritos",
    "nombre": "Puré guisantes con jamón Hero frasco 380 g",
    "precio_unitario": "2,99 €",
    "precio_por_unidad": "(7,87 €/kg)",
    "imagen": "https://www.dia.es/product_images/64804/64804_ISO_0_ES.jpg?imwidth=392"
  },
  {
    "categoria": "Potitos y tarritos",
    "nombre": "Puré de pera y manzana 100% ecológica Hero frasco 120 g",
    "precio_unitario": "1,50 €",
    "precio_por_unidad": "(12,50 €/kg)",
    "imagen": "https://www.dia.es/product_images/221601/221601_ISO_0_ES.jpg?imwidth=392"
  },
  {
    "categoria": "Potitos y tarritos",
    "nombre": "Puré de hortalizas y ternera Nestlé frasco 190 g",
    "precio_unitario": "1,89 €",
    "precio_por_unidad": "(9,95 €/kg)",
    "imagen": "https://www.dia.es/product_images/268320/268320_ISO_0_ES.jpg?imwidth=392"
  },
  {
    "categoria": "Potitos y tarritos",
    "nombre": "Verduras y pavo Smileat frasco 230 g",
    "precio_unitario": "2,59 €",
    "precio_por_unidad": "(11,26 €/kg)",
    "imagen": "https://www.dia.es/product_images/289578/289578_ISO_0_ES.jpg?imwidth=392"
  },
  {
    "categoria": "Potitos y tarritos",
    "nombre": "Puré de guisantes con patata y pollo Gerber frasco 190 g",
    "precio_unitario": "2,69 €",
    "precio_por_unidad": "(1,42 €/100 GR.)",
    "imagen": "https://www.dia.es/product_images/286896/286896_ISO_0_ES.jpg?imwidth=392"
  },
  {
    "categoria": "Potitos y tarritos",
    "nombre": "Puré de manzana, plátano y yogur 100% ecológica Hero Baby frasco 120 g",
    "precio_unitario": "1,50 €",
    "precio_por_unidad": "(12,50 €/kg)",
    "imagen": "https://www.dia.es/product_images/252514/252514_ISO_0_ES.jpg?imwidth=392"
  },
  {
    "categoria": "Potitos y tarritos",
    "nombre": "Verduras con merluza Smileat frasco 230 g",
    "precio_unitario": "2,59 €",
    "precio_por_unidad": "(11,26 €/kg)",
    "imagen": "https://www.dia.es/product_images/230569/230569_ISO_0_ES.jpg?imwidth=392"
  },
  {
    "categoria": "Potitos y tarritos",
    "nombre": "Puré de arroz con tomate y pavo Nestlé frasco 190 g",
    "precio_unitario": "1,89 €",
    "precio_por_unidad": "(9,95 €/kg)",
    "imagen": "https://www.dia.es/product_images/296377/296377_ISO_0_ES.jpg?imwidth=392"
  },
  {
    "categoria": "Potitos y tarritos",
    "nombre": "Puré de verduras con pescado Nestlé frasco 190 g",
    "precio_unitario": "1,89 €",
    "precio_por_unidad": "(9,95 €/kg)",
    "imagen": "https://www.dia.es/product_images/293024/293024_ISO_0_ES.jpg?imwidth=392"
  },
  {
    "categoria": "Potitos y tarritos",
    "nombre": "Puré de pera, manzana y plátano Gerber bolsa 360 g",
    "precio_unitario": "5,49 €",
    "precio_por_unidad": "(15,25 €/kg)",
    "imagen": "https://www.dia.es/product_images/287002/287002_ISO_0_ES.jpg?imwidth=392"
  },
  {
    "categoria": "Potitos y tarritos",
    "nombre": "Puré de hortalizas con ternera Gerber frasco 190 g",
    "precio_unitario": "2,69 €",
    "precio_por_unidad": "(14,16 €/kg)",
    "imagen": "https://www.dia.es/product_images/286897/286897_ISO_0_ES.jpg?imwidth=392"
  },
  {
    "categoria": "Potitos y tarritos",
    "nombre": "Puré de pera y plátano Gerber frasco 125 g",
    "precio_unitario": "1,89 €",
    "precio_por_unidad": "(15,12 €/kg)",
    "imagen": "https://www.dia.es/product_images/286895/286895_ISO_0_ES.jpg?imwidth=392"
  },
  {
    "categoria": "Potitos y tarritos",
    "nombre": "Puré de manzana, albaricoque y melocotón Gerber frasco 125 g",
    "precio_unitario": "1,89 €",
    "precio_por_unidad": "(15,12 €/kg)",
    "imagen": "https://www.dia.es/product_images/286893/286893_ISO_0_ES.jpg?imwidth=392"
  },
  {
    "categoria": "Potitos y tarritos",
    "nombre": "Puré de verduritas con pavo Nestlé frasco 190 g",
    "precio_unitario": "1,89 €",
    "precio_por_unidad": "(9,95 €/kg)",
    "imagen": "https://www.dia.es/product_images/268318/268318_ISO_0_ES.jpg?imwidth=392"
  },
  {
    "categoria": "Potitos y tarritos",
    "nombre": "Crema de calabaza y puré de patatas 100% ecológica Hero frasco 190 g",
    "precio_unitario": "2,49 €",
    "precio_por_unidad": "(13,11 €/kg)",
    "imagen": "https://www.dia.es/product_images/234337/234337_ISO_0_ES.jpg?imwidth=392"
  },
  {
    "categoria": "Potitos y tarritos",
    "nombre": "Puré de verduras con lentejas y pollo bio Hero frasco 190 g",
    "precio_unitario": "2,49 €",
    "precio_por_unidad": "(13,11 €/kg)",
    "imagen": "https://www.dia.es/product_images/234332/234332_ISO_0_ES.jpg?imwidth=392"
  },
  {
    "categoria": "Potitos y tarritos",
    "nombre": "Puré de pera, plátano y zanahoria 100% ecológica Hero frasco 120 g",
    "precio_unitario": "1,50 €",
    "precio_por_unidad": "(12,50 €/kg)",
    "imagen": "https://www.dia.es/product_images/221599/221599_ISO_0_ES.jpg?imwidth=392"
  },
  {
    "categoria": "Pañales y toallitas",
    "nombre": "Toallitas húmedas Planeta Bebé de Dia bolsa 80 unidades",
    "precio_unitario": "1,05 €",
    "precio_por_unidad": "(0,01 €/ud)",
    "imagen": "https://www.dia.es/product_images/296947/296947_ISO_0_ES.jpg?imwidth=392"
  },
  {
    "categoria": "Pañales y toallitas",
    "nombre": "Toallitas para cara y manos Planeta Bebé de Dia bolsa 20 unidades",
    "precio_unitario": "0,85 €",
    "precio_por_unidad": "(0,04 €/ud)",
    "imagen": "https://www.dia.es/product_images/301822/301822_ISO_0_ES.jpg?imwidth=392"
  },
  {
    "categoria": "Pañales y toallitas",
    "nombre": "Pañales 8-15 kgs talla 4 Planeta Bebé de Dia bolsa 44 unidades",
    "precio_unitario": "7,57 €",
    "precio_por_unidad": "(0,17 €/ud)",
    "imagen": "https://www.dia.es/product_images/268404/268404_ISO_0_ES.jpg?imwidth=392"
  },
  {
    "categoria": "Pañales y toallitas",
    "nombre": "Toallitas para bebés con piel atópica Planeta Bebé de Dia bolsa 64 unidades",
    "precio_unitario": "1,81 €",
    "precio_por_unidad": "(0,03 €/ud)",
    "imagen": "https://www.dia.es/product_images/296949/296949_ISO_0_ES.jpg?imwidth=392"
  },
  {
    "categoria": "Pañales y toallitas",
    "nombre": "Pañales 4-9 kgs talla 3 Planeta Bebé de Dia bolsa 50 unidades",
    "precio_unitario": "7,90 €",
    "precio_por_unidad": "(0,16 €/ud)",
    "imagen": "https://www.dia.es/product_images/268403/268403_ISO_0_ES.jpg?imwidth=392"
  },
  {
    "categoria": "Pañales y toallitas",
    "nombre": "Pañales 13-20 kgs talla 5 Planeta Bebé de Dia bolsa 80 unidades",
    "precio_unitario": "15,20 €",
    "precio_por_unidad": "(0,19 €/ud)",
    "imagen": "https://www.dia.es/product_images/268409/268409_ISO_0_ES.jpg?imwidth=392"
  },
  {
    "categoria": "Pañales y toallitas",
    "nombre": "Pañales 13-20 kgs talla 5 Planeta Bebé de Dia bolsa 40 unidades",
    "precio_unitario": "7,70 €",
    "precio_por_unidad": "(0,19 €/ud)",
    "imagen": "https://www.dia.es/product_images/268405/268405_ISO_0_ES.jpg?imwidth=392"
  },
  {
    "categoria": "Pañales y toallitas",
    "nombre": "Pañales 3-6 kgs talla 2 Planeta Bebé de Dia bolsa 40 unidades",
    "precio_unitario": "5,99 €",
    "precio_por_unidad": "(0,15 €/ud)",
    "imagen": "https://www.dia.es/product_images/268402/268402_ISO_0_ES.jpg?imwidth=392"
  },
  {
    "categoria": "Pañales y toallitas",
    "nombre": "Toallitas aqua Planeta Bebé de Dia bolsa 60 unidades",
    "precio_unitario": "1,80 €",
    "precio_por_unidad": "(0,03 €/ud)",
    "imagen": "https://www.dia.es/product_images/296952/296952_ISO_0_ES.jpg?imwidth=392"
  },
  {
    "categoria": "Pañales y toallitas",
    "nombre": "Pañales 17-28 kgs talla 6 Planeta Bebé de Dia bolsa 28 unidades",
    "precio_unitario": "8,02 €",
    "precio_por_unidad": "(0,29 €/ud)",
    "imagen": "https://www.dia.es/product_images/268406/268406_ISO_0_ES.jpg?imwidth=392"
  },
  {
    "categoria": "Pañales y toallitas",
    "nombre": "Pañales 8-15 kgs talla 4 Planeta Bebé de Dia bolsa 88 unidades",
    "precio_unitario": "14,65 €",
    "precio_por_unidad": "(0,17 €/ud)",
    "imagen": "https://www.dia.es/product_images/268408/268408_ISO_0_ES.jpg?imwidth=392"
  },
  {
    "categoria": "Pañales y toallitas",
    "nombre": "Pañales 2-5 kgs talla 1 Planeta Bebé de Dia bolsa 24 unidades",
    "precio_unitario": "4,05 €",
    "precio_por_unidad": "(0,17 €/ud)",
    "imagen": "https://www.dia.es/product_images/268401/268401_ISO_0_ES.jpg?imwidth=392"
  },
  {
    "categoria": "Pañales y toallitas",
    "nombre": "Toallitas para bebés cremosas Planeta Bebé de Dia bolsa 48 unidades",
    "precio_unitario": "1,20 €",
    "precio_por_unidad": "(0,03 €/ud)",
    "imagen": "https://www.dia.es/product_images/296946/296946_ISO_0_ES.jpg?imwidth=392"
  },
  {
    "categoria": "Pañales y toallitas",
    "nombre": "Pañales 4-9 kgs talla 3 Planeta Bebé de Dia bolsa 102 unidades",
    "precio_unitario": "15,00 €",
    "precio_por_unidad": "(0,15 €/ud)",
    "imagen": "https://www.dia.es/product_images/268407/268407_ISO_0_ES.jpg?imwidth=392"
  },
  {
    "categoria": "Pañales y toallitas",
    "nombre": "Toallitas para bebés extra care sensitive Huggies bolsa 56 unidades",
    "precio_unitario": "2,19 €",
    "precio_por_unidad": "(0,04 €/ud)",
    "imagen": "https://www.dia.es/product_images/302829/302829_ISO_0_ES.jpg?imwidth=392"
  },
  {
    "categoria": "Pañales y toallitas",
    "nombre": "Cambiador infantil Planeta Bebé de Dia bolsa 10 unidades",
    "precio_unitario": "4,15 €",
    "precio_por_unidad": "(0,42 €/ud)",
    "imagen": "https://www.dia.es/product_images/294439/294439_ISO_0_ES.jpg?imwidth=392"
  },
  {
    "categoria": "Pañales y toallitas",
    "nombre": "Pañales 13-20 kg talla L Planeta Bebé de Dia bolsa 20 unidades",
    "precio_unitario": "6,25 €",
    "precio_por_unidad": "(0,31 €/ud)",
    "imagen": "https://www.dia.es/product_images/268410/268410_ISO_0_ES.jpg?imwidth=392"
  },
  {
    "categoria": "Pañales y toallitas",
    "nombre": "Pañales 15-25 kg talla XL Planeta Bebé de Dia bolsa 18 unidades",
    "precio_unitario": "6,99 €",
    "precio_por_unidad": "(0,39 €/ud)",
    "imagen": "https://www.dia.es/product_images/268411/268411_ISO_0_ES.jpg?imwidth=392"
  },
  {
    "categoria": "Pañales y toallitas",
    "nombre": "Calzoncillos absorbentes de noche para niños de 8 a 13 años Huggies DryNites bolsa 9 unidades",
    "precio_unitario": "6,99 €",
    "precio_por_unidad": "(0,78 €/ud)",
    "imagen": "https://www.dia.es/product_images/130533/130533_ISO_0_ES.jpg?imwidth=392"
  },
  {
    "categoria": "Pañales y toallitas",
    "nombre": "Calzoncillos absorbentes para niños de 4 a 7 años Huggies DryNites bolsa 10 unidades",
    "precio_unitario": "6,99 €",
    "precio_por_unidad": "(0,70 €/ud)",
    "imagen": "https://www.dia.es/product_images/130534/130534_ISO_0_ES.jpg?imwidth=392"
  },
  {
    "categoria": "Pañales y toallitas",
    "nombre": "Pañales pants extra care 15-25 kgs talla 6 Huggies bolsa 22 unidades",
    "precio_unitario": "14,39 €",
    "precio_por_unidad": "(0,65 €/ud)",
    "imagen": "https://www.dia.es/product_images/302828/302828_ISO_0_ES.jpg?imwidth=392"
  },
  {
    "categoria": "Pañales y toallitas",
    "nombre": "Pañales pants extra care 12-17 kgs talla 5 Huggies bolsa 24 unidades",
    "precio_unitario": "14,39 €",
    "precio_por_unidad": "(0,60 €/ud)",
    "imagen": "https://www.dia.es/product_images/302827/302827_ISO_0_ES.jpg?imwidth=392"
  },
  {
    "categoria": "Pañales y toallitas",
    "nombre": "Pañales pants extra care 9-14 kgs talla 4 Huggies bolsa 26 unidades",
    "precio_unitario": "14,39 €",
    "precio_por_unidad": "(0,55 €/ud)",
    "imagen": "https://www.dia.es/product_images/302825/302825_ISO_0_ES.jpg?imwidth=392"
  },
  {
    "categoria": "Pañales y toallitas",
    "nombre": "Pañales extra care 11-25 kgs talla 5 Huggies bolsa 28 unidades",
    "precio_unitario": "13,59 €",
    "precio_por_unidad": "(0,49 €/ud)",
    "imagen": "https://www.dia.es/product_images/302824/302824_ISO_0_ES.jpg?imwidth=392"
  },
  {
    "categoria": "Pañales y toallitas",
    "nombre": "Pañales extra care 8-16 kgs talla 4 Huggies bolsa 33 unidades",
    "precio_unitario": "13,59 €",
    "precio_por_unidad": "(0,41 €/ud)",
    "imagen": "https://www.dia.es/product_images/302823/302823_ISO_0_ES.jpg?imwidth=392"
  },
  {
    "categoria": "Pañales y toallitas",
    "nombre": "Pañales extra care 6-10 kgs talla 3 Huggies bolsa 40 unidades",
    "precio_unitario": "13,59 €",
    "precio_por_unidad": "(0,34 €/ud)",
    "imagen": "https://www.dia.es/product_images/302822/302822_ISO_0_ES.jpg?imwidth=392"
  },
  {
    "categoria": "Pañales y toallitas",
    "nombre": "Pañales extra care 3-6 kgs talla 2 Huggies bolsa 24 unidades",
    "precio_unitario": "6,39 €",
    "precio_por_unidad": "(0,27 €/ud)",
    "imagen": "https://www.dia.es/product_images/302817/302817_ISO_0_ES.jpg?imwidth=392"
  },
  {
    "categoria": "Pañales y toallitas",
    "nombre": "Pañales recién nacido 2-5 kgs talla 1 Dodot bolsa 44 unidades",
    "precio_unitario": "14,99 €",
    "precio_por_unidad": "(0,34 €/ud)",
    "imagen": "https://www.dia.es/product_images/271560/271560_ISO_0_ES.jpg?imwidth=392"
  },
  {
    "categoria": "Pañales y toallitas",
    "nombre": "Bañador desechable 13-20 kg talla M Planeta Bebé de Dia bolsa 6 unidades",
    "precio_unitario": "2,95 €",
    "precio_por_unidad": "(0,49 €/ud)",
    "imagen": "https://www.dia.es/product_images/263494/263494_ISO_0_ES.jpg?imwidth=392"
  },
  {
    "categoria": "Pañales y toallitas",
    "nombre": "Bañador desechable 8-15 kg talla S Planeta Bebé de Dia bolsa 6 unidades",
    "precio_unitario": "2,95 €",
    "precio_por_unidad": "(0,49 €/ud)",
    "imagen": "https://www.dia.es/product_images/263493/263493_ISO_0_ES.jpg?imwidth=392"
  },
  {
    "categoria": "Pañales y toallitas",
    "nombre": "Pañales 8-15 kg talla M Planeta Bebé de Dia bolsa 22 unidades",
    "precio_unitario": "6,19 €",
    "precio_por_unidad": "(0,28 €/ud)",
    "imagen": "https://www.dia.es/product_images/263492/263492_ISO_0_ES.jpg?imwidth=392"
  },
  {
    "categoria": "Pañales y toallitas",
    "nombre": "Toallitas para bebés aqua pure Dodot bolsa 3 x 48 unidades",
    "precio_unitario": "10,29 €",
    "precio_por_unidad": "(0,07 €/ud)",
    "imagen": "https://www.dia.es/product_images/256775/256775_ISO_0_ES.jpg?imwidth=392"
  },
  {
    "categoria": "Pañales y toallitas",
    "nombre": "Toallitas para bebés all over clean Huggies bolsa 56 unidades",
    "precio_unitario": "1,49 €",
    "precio_por_unidad": "(0,03 €/ud)",
    "imagen": "https://www.dia.es/product_images/134566/134566_ISO_0_ES.jpg?imwidth=392"
  },
  {
    "categoria": "Cuidado del bebé",
    "nombre": "Gel de baño relajante recambio Planeta Bebé de Dia bolsa 750 ml",
    "precio_unitario": "1,55 €",
    "precio_por_unidad": "(0,21 €/100 ML.)",
    "imagen": "https://www.dia.es/product_images/278728/278728_ISO_0_ES.jpg?imwidth=392"
  },
  {
    "categoria": "Cuidado del bebé",
    "nombre": "Suero fisiológico Planeta Bebé de Dia frasco 30 unidades",
    "precio_unitario": "3,23 €",
    "precio_por_unidad": "(0,11 €/ud)",
    "imagen": "https://www.dia.es/product_images/275204/275204_ISO_0_ES.jpg?imwidth=392"
  },
  {
    "categoria": "Cuidado del bebé",
    "nombre": "Agua de colonia infantil Planeta Bebé de Dia botella 750 ml",
    "precio_unitario": "1,75 €",
    "precio_por_unidad": "(0,23 €/100 ML.)",
    "imagen": "https://www.dia.es/product_images/278740/278740_ISO_0_ES.jpg?imwidth=392"
  },
  {
    "categoria": "Cuidado del bebé",
    "nombre": "Agua de colonia infantil Nenuco bote 500 ml",
    "precio_unitario": "2,85 €",
    "precio_por_unidad": "(0,57 €/100 ML.)",
    "imagen": "https://www.dia.es/product_images/293907/293907_ISO_0_ES.jpg?imwidth=392"
  },
  {
    "categoria": "Cuidado del bebé",
    "nombre": "Champú para bebé Planeta Bebé de Dia bote 750 ml",
    "precio_unitario": "2,35 €",
    "precio_por_unidad": "(0,31 €/100 ML.)",
    "imagen": "https://www.dia.es/product_images/278725/278725_ISO_0_ES.jpg?imwidth=392"
  },
  {
    "categoria": "Cuidado del bebé",
    "nombre": "Esponja infantil extrasuave Planeta Junior de Dia bolsa 1 unidad",
    "precio_unitario": "0,90 €",
    "precio_por_unidad": "(0,90 €/ud)",
    "imagen": "https://www.dia.es/product_images/293561/293561_ISO_0_ES.jpg?imwidth=392"
  },
  {
    "categoria": "Cuidado del bebé",
    "nombre": "Loción corporal relajante Planeta Bebé de Dia bote 500 ml",
    "precio_unitario": "2,49 €",
    "precio_por_unidad": "(0,50 €/100 ML.)",
    "imagen": "https://www.dia.es/product_images/278726/278726_ISO_0_ES.jpg?imwidth=392"
  },
  {
    "categoria": "Cuidado del bebé",
    "nombre": "Polvos de talco bebé natural Johnsons baby bote 200 g",
    "precio_unitario": "2,99 €",
    "precio_por_unidad": "(1,50 €/100 GR.)",
    "imagen": "https://www.dia.es/product_images/300625/300625_ISO_0_ES.jpg?imwidth=392"
  },
  {
    "categoria": "Cuidado del bebé",
    "nombre": "Loción corporal dulces sueños Johnson bote 500 ml",
    "precio_unitario": "4,89 €",
    "precio_por_unidad": "(0,98 €/100 ML.)",
    "imagen": "https://www.dia.es/product_images/255949/255949_ISO_0_ES.jpg?imwidth=392"
  },
  {
    "categoria": "Cuidado del bebé",
    "nombre": "Champú gotas de brillo Johnson bote 500 ml",
    "precio_unitario": "4,29 €",
    "precio_por_unidad": "(0,86 €/100 ML.)",
    "imagen": "https://www.dia.es/product_images/255955/255955_ISO_0_ES.jpg?imwidth=392"
  },
  {
    "categoria": "Cuidado del bebé",
    "nombre": "Gel de baño dulces sueños Johnson bote 750 ml",
    "precio_unitario": "3,99 €",
    "precio_por_unidad": "(0,53 €/100 ML.)",
    "imagen": "https://www.dia.es/product_images/255944/255944_ISO_0_ES.jpg?imwidth=392"
  },
  {
    "categoria": "Cuidado del bebé",
    "nombre": "Colonia Nenuco spray 240 ml",
    "precio_unitario": "3,99 €",
    "precio_por_unidad": "(1,66 €/100 ML.)",
    "imagen": "https://www.dia.es/product_images/147811/147811_ISO_0_ES.jpg?imwidth=392"
  },
  {
    "categoria": "Cuidado del bebé",
    "nombre": "Aceite aloe vera Johnson botella 500 ml",
    "precio_unitario": "3,70 €",
    "precio_por_unidad": "(0,74 €/100 ML.)",
    "imagen": "https://www.dia.es/product_images/255941/255941_ISO_0_ES.jpg?imwidth=392"
  },
  {
    "categoria": "Cuidado del bebé",
    "nombre": "Champú camomila Johnson bote 750 ml",
    "precio_unitario": "4,89 €",
    "precio_por_unidad": "(0,65 €/100 ML.)",
    "imagen": "https://www.dia.es/product_images/256676/256676_ISO_0_ES.jpg?imwidth=392"
  },
  {
    "categoria": "Cuidado del bebé",
    "nombre": "Crema protectora de pañal Johnson tubo 100 ml",
    "precio_unitario": "4,59 €",
    "precio_por_unidad": "(4,59 €/100 ML.)",
    "imagen": "https://www.dia.es/product_images/15627/15627_ISO_0_ES.jpg?imwidth=392"
  },
  {
    "categoria": "Cuidado del bebé",
    "nombre": "Acondicionador no más tirones Johnson spray 200 ml",
    "precio_unitario": "4,29 €",
    "precio_por_unidad": "(2,15 €/100 ML.)",
    "imagen": "https://www.dia.es/product_images/255956/255956_ISO_0_ES.jpg?imwidth=392"
  },
  {
    "categoria": "Cuidado del bebé",
    "nombre": "Jabón hidratante Nenuco bote 650 ml",
    "precio_unitario": "3,59 €",
    "precio_por_unidad": "(0,55 €/100 ML.)",
    "imagen": "https://www.dia.es/product_images/293910/293910_ISO_0_ES.jpg?imwidth=392"
  },
  {
    "categoria": "Cuidado del bebé",
    "nombre": "Champú gold Johnson bote 750 ml",
    "precio_unitario": "4,89 €",
    "precio_por_unidad": "(0,65 €/100 ML.)",
    "imagen": "https://www.dia.es/product_images/255950/255950_ISO_0_ES.jpg?imwidth=392"
  },
  {
    "categoria": "Cuidado del bebé",
    "nombre": "Gel de baño aloe vera Johnson Naturaly sensitive botella 395 ml",
    "precio_unitario": "2,99 €",
    "precio_por_unidad": "(0,76 €/100 ML.)",
    "imagen": "https://www.dia.es/product_images/301604/301604_ISO_0_ES.jpg?imwidth=392"
  },
  {
    "categoria": "Cuidado del bebé",
    "nombre": "Muñeco solidario Rey León Baby pelon 1 unidad",
    "precio_unitario": "15,95 €",
    "precio_por_unidad": "(15,95 €/ud)",
    "imagen": "https://www.dia.es/product_images/300837/300837_ISO_0_ES.jpg?imwidth=392"
  },
  {
    "categoria": "Cuidado del bebé",
    "nombre": "Muñeco solidario Frozen Anna Baby pelon 1 unidad",
    "precio_unitario": "15,95 €",
    "precio_por_unidad": "(15,95 €/ud)",
    "imagen": "https://www.dia.es/product_images/300836/300836_ISO_0_ES.jpg?imwidth=392"
  },
  {
    "categoria": "Cuidado del bebé",
    "nombre": "Aceite corporal para bebé Planeta Bebé de Dia botella 500 ml",
    "precio_unitario": "2,29 €",
    "precio_por_unidad": "(0,46 €/100 ML.)",
    "imagen": "https://www.dia.es/product_images/278741/278741_ISO_0_ES.jpg?imwidth=392"
  },
  {
    "categoria": "Cuidado del bebé",
    "nombre": "Acondicionador gotas de fuerza Johnson spray 200 ml",
    "precio_unitario": "4,29 €",
    "precio_por_unidad": "(2,15 €/100 ML.)",
    "imagen": "https://www.dia.es/product_images/255951/255951_ISO_0_ES.jpg?imwidth=392"
  },
  {
    "categoria": "Champú",
    "nombre": "Champú familiar botella 1 l",
    "precio_unitario": "1,19 €",
    "precio_por_unidad": "(0,12 €/100 ML.)",
    "imagen": "https://www.dia.es/product_images/290117/290117_ISO_0_ES.jpg?imwidth=392"
  },
  {
    "categoria": "Champú",
    "nombre": "Champú para pelo rizado Método Curly Imaqe de Dia botella 400 ml",
    "precio_unitario": "3,60 €",
    "precio_por_unidad": "(0,90 €/100 ML.)",
    "imagen": "https://www.dia.es/product_images/297147/297147_ISO_0_ES.jpg?imwidth=392"
  },
  {
    "categoria": "Champú",
    "nombre": "Champú pelo teñido keratina profesional Imaqe de Dia botella 750 ml",
    "precio_unitario": "1,99 €",
    "precio_por_unidad": "(0,27 €/100 ML.)",
    "imagen": "https://www.dia.es/product_images/290120/290120_ISO_0_ES.jpg?imwidth=392"
  },
  {
    "categoria": "Champú",
    "nombre": "Champú hidratante intenso profesional Imaqe de Dia botella 750 ml",
    "precio_unitario": "1,99 €",
    "precio_por_unidad": "(0,27 €/100 ML.)",
    "imagen": "https://www.dia.es/product_images/290119/290119_ISO_0_ES.jpg?imwidth=392"
  },
  {
    "categoria": "Champú",
    "nombre": "Recambio champú hidratante intenso profesional Imaqe de Dia bolsa 750 ml",
    "precio_unitario": "1,79 €",
    "precio_por_unidad": "(0,24 €/100 ML.)",
    "imagen": "https://www.dia.es/product_images/290121/290121_ISO_0_ES.jpg?imwidth=392"
  },
  {
    "categoria": "Champú",
    "nombre": "Champú anticaspa dos en uno clásico H&s botella 250 ml",
    "precio_unitario": "3,49 €",
    "precio_por_unidad": "(1,40 €/100 ML.)",
    "imagen": "https://www.dia.es/product_images/301683/301683_ISO_0_ES.jpg?imwidth=392"
  },
  {
    "categoria": "Champú",
    "nombre": "Champú fortificante fuerza y brillo cabello normal Fructis botella 300 ml",
    "precio_unitario": "3,49 €",
    "precio_por_unidad": "(1,16 €/100 ML.)",
    "imagen": "https://www.dia.es/product_images/21281/21281_ISO_0_ES.jpg?imwidth=392"
  },
  {
    "categoria": "Champú",
    "nombre": "Champú hidra con ácido hialurónico Elvive botella 300 ml",
    "precio_unitario": "3,29 €",
    "precio_por_unidad": "(1,10 €/100 ML.)",
    "imagen": "https://www.dia.es/product_images/301048/301048_ISO_0_ES.jpg?imwidth=392"
  },
  {
    "categoria": "Champú",
    "nombre": "Champú anticaspa mentol Imaqe de Dia botella 500 ml",
    "precio_unitario": "2,75 €",
    "precio_por_unidad": "(0,55 €/100 ML.)",
    "imagen": "https://www.dia.es/product_images/291103/291103_ISO_0_ES.jpg?imwidth=392"
  },
  {
    "categoria": "Champú",
    "nombre": "Champú con aceite de árbol de té Planeta Junior de Dia bote 250 ml",
    "precio_unitario": "1,99 €",
    "precio_por_unidad": "(0,80 €/100 ML.)",
    "imagen": "https://www.dia.es/product_images/301825/301825_ISO_0_ES.jpg?imwidth=392"
  },
  {
    "categoria": "Champú",
    "nombre": "Champú pelo graso arcilla y té natural Imaqe de Dia botella 250 ml",
    "precio_unitario": "1,99 €",
    "precio_por_unidad": "(0,80 €/100 ML.)",
    "imagen": "https://www.dia.es/product_images/289575/289575_ISO_0_ES.jpg?imwidth=392"
  },
  {
    "categoria": "Champú",
    "nombre": "Champú protector del color cabello teñido Elvive botella 300 ml",
    "precio_unitario": "3,29 €",
    "precio_por_unidad": "(1,10 €/100 ML.)",
    "imagen": "https://www.dia.es/product_images/301044/301044_ISO_0_ES.jpg?imwidth=392"
  },
  {
    "categoria": "Champú",
    "nombre": "Champú anticaspa menthol fresh H&s botella 250 ml",
    "precio_unitario": "3,49 €",
    "precio_por_unidad": "(1,40 €/100 ML.)",
    "imagen": "https://www.dia.es/product_images/301684/301684_ISO_0_ES.jpg?imwidth=392"
  },
  {
    "categoria": "Champú",
    "nombre": "Champú cebolla y biotina Anian bote 400 ml",
    "precio_unitario": "2,99 €",
    "precio_por_unidad": "(0,75 €/100 ML.)",
    "imagen": "https://www.dia.es/product_images/294312/294312_ISO_0_ES.jpg?imwidth=392"
  },
  {
    "categoria": "Champú",
    "nombre": "Champú con keratina fortificante Flex botella 650 ml",
    "precio_unitario": "3,39 €",
    "precio_por_unidad": "(0,52 €/100 ML.)",
    "imagen": "https://www.dia.es/product_images/152591/152591_ISO_0_ES.jpg?imwidth=392"
  },
  {
    "categoria": "Champú",
    "nombre": "Champú anticaspa prevención de la caída H&s botella 250 ml",
    "precio_unitario": "3,49 €",
    "precio_por_unidad": "(1,40 €/100 ML.)",
    "imagen": "https://www.dia.es/product_images/301681/301681_ISO_0_ES.jpg?imwidth=392"
  },
  {
    "categoria": "Champú",
    "nombre": "Champú hidratación intensa cabello seco Tresemmé botella 685 ml",
    "precio_unitario": "5,69 €",
    "precio_por_unidad": "(0,83 €/100 ML.)",
    "imagen": "https://www.dia.es/product_images/301436/301436_ISO_0_ES.jpg?imwidth=392"
  },
  {
    "categoria": "Champú",
    "nombre": "Champú hidra rizos Fructis botella 300 ml",
    "precio_unitario": "3,49 €",
    "precio_por_unidad": "(1,16 €/100 ML.)",
    "imagen": "https://www.dia.es/product_images/134273/134273_ISO_0_ES.jpg?imwidth=392"
  },
  {
    "categoria": "Champú",
    "nombre": "Champú y acondicionador anticaspa 2 en 1 Imaqe de Dia botella 500 ml",
    "precio_unitario": "2,75 €",
    "precio_por_unidad": "(0,55 €/100 ML.)",
    "imagen": "https://www.dia.es/product_images/291101/291101_ISO_0_ES.jpg?imwidth=392"
  },
  {
    "categoria": "Champú",
    "nombre": "Champú fresco y fuerte cabello normal Timotei botella 400 ml",
    "precio_unitario": "3,95 €",
    "precio_por_unidad": "(0,99 €/100 ML.)",
    "imagen": "https://www.dia.es/product_images/60227/60227_ISO_0_ES.jpg?imwidth=392"
  },
  {
    "categoria": "Acondicionadores y mascarillas",
    "nombre": "Mascarilla para pelo rizado Método Curly Imaqe de Dia frasco 300 ml",
    "precio_unitario": "3,99 €",
    "precio_por_unidad": "(1,33 €/100 ML.)",
    "imagen": "https://www.dia.es/product_images/297148/297148_ISO_0_ES.jpg?imwidth=392"
  },
  {
    "categoria": "Acondicionadores y mascarillas",
    "nombre": "Acondicionador capilar Noname botella 750 ml",
    "precio_unitario": "1,20 €",
    "precio_por_unidad": "(0,16 €/100 ML.)",
    "imagen": "https://www.dia.es/product_images/291560/291560_ISO_0_ES.jpg?imwidth=392"
  },
  {
    "categoria": "Acondicionadores y mascarillas",
    "nombre": "Mascarilla hidratante de plátano Fruit Revolution Imaqe de Dia frasco 300 ml",
    "precio_unitario": "2,89 €",
    "precio_por_unidad": "(0,96 €/100 ML.)",
    "imagen": "https://www.dia.es/product_images/290122/290122_ISO_0_ES.jpg?imwidth=392"
  },
  {
    "categoria": "Acondicionadores y mascarillas",
    "nombre": "Mascarilla reparadora para pelo natural con miel Imaqe de Dia bote 300 ml",
    "precio_unitario": "2,95 €",
    "precio_por_unidad": "(0,98 €/100 ML.)",
    "imagen": "https://www.dia.es/product_images/289572/289572_ISO_0_ES.jpg?imwidth=392"
  },
  {
    "categoria": "Acondicionadores y mascarillas",
    "nombre": "Mascarilla repara y protege con oliva Imaqe de Dia bote 300 ml",
    "precio_unitario": "2,95 €",
    "precio_por_unidad": "(0,98 €/100 ML.)",
    "imagen": "https://www.dia.es/product_images/289576/289576_ISO_0_ES.jpg?imwidth=392"
  },
  {
    "categoria": "Acondicionadores y mascarillas",
    "nombre": "Crema suavizante repair 5 cabello dañado Elvive bote 250 ml",
    "precio_unitario": "3,00 €",
    "precio_por_unidad": "(1,20 €/100 ML.)",
    "imagen": "https://www.dia.es/product_images/21904/21904_ISO_0_ES.jpg?imwidth=392"
  },
  {
    "categoria": "Acondicionadores y mascarillas",
    "nombre": "Mascarilla hidra rizos cabello rizo u ondulado Fructis frasco 320 ml",
    "precio_unitario": "4,89 €",
    "precio_por_unidad": "(1,53 €/100 ML.)",
    "imagen": "https://www.dia.es/product_images/231507/231507_ISO_0_ES.jpg?imwidth=392"
  },
  {
    "categoria": "Acondicionadores y mascarillas",
    "nombre": "Crema suavizante con keratina cabello seco o dañado Flex botella 650 ml",
    "precio_unitario": "3,45 €",
    "precio_por_unidad": "(0,53 €/100 ML.)",
    "imagen": "https://www.dia.es/product_images/151918/151918_ISO_0_ES.jpg?imwidth=392"
  },
  {
    "categoria": "Acondicionadores y mascarillas",
    "nombre": "Acondicionador tesoros de miel Original Remedies bote 250 ml",
    "precio_unitario": "3,59 €",
    "precio_por_unidad": "(1,44 €/100 ML.)",
    "imagen": "https://www.dia.es/product_images/247579/247579_ISO_0_ES.jpg?imwidth=392"
  },
  {
    "categoria": "Acondicionadores y mascarillas",
    "nombre": "Aceite en crema para pelo dañado miel natural Imaqe de Dia bote 200 ml",
    "precio_unitario": "2,20 €",
    "precio_por_unidad": "(1,10 €/100 ML.)",
    "imagen": "https://www.dia.es/product_images/289577/289577_ISO_0_ES.jpg?imwidth=392"
  },
  {
    "categoria": "Acondicionadores y mascarillas",
    "nombre": "Mascarilla suave y liso anti encrespamiento Pantene frasco 300 ml",
    "precio_unitario": "4,29 €",
    "precio_por_unidad": "(1,43 €/100 ML.)",
    "imagen": "https://www.dia.es/product_images/144667/144667_ISO_0_ES.jpg?imwidth=392"
  },
  {
    "categoria": "Acondicionadores y mascarillas",
    "nombre": "Acondicionador capilar hidratación intensa Tresemmé botella 685 ml",
    "precio_unitario": "5,69 €",
    "precio_por_unidad": "(0,83 €/100 ML.)",
    "imagen": "https://www.dia.es/product_images/301435/301435_ISO_0_ES.jpg?imwidth=392"
  },
  {
    "categoria": "Acondicionadores y mascarillas",
    "nombre": "Mascarilla repara y protege cabello dañado Pantene frasco 300 ml",
    "precio_unitario": "4,29 €",
    "precio_por_unidad": "(1,43 €/100 ML.)",
    "imagen": "https://www.dia.es/product_images/144666/144666_ISO_0_ES.jpg?imwidth=392"
  },
  {
    "categoria": "Acondicionadores y mascarillas",
    "nombre": "Desenredante bifásico con aceite de árbol de té Planeta Junior de Dia spray 250 ml",
    "precio_unitario": "1,70 €",
    "precio_por_unidad": "(0,68 €/100 ML.)",
    "imagen": "https://www.dia.es/product_images/301823/301823_ISO_0_ES.jpg?imwidth=392"
  },
  {
    "categoria": "Acondicionadores y mascarillas",
    "nombre": "Acondicionador bifásico instantáneo hidratación Anian spray 250 ml",
    "precio_unitario": "2,50 €",
    "precio_por_unidad": "(1,00 €/100 ML.)",
    "imagen": "https://www.dia.es/product_images/296092/296092_ISO_0_ES.jpg?imwidth=392"
  },
  {
    "categoria": "Acondicionadores y mascarillas",
    "nombre": "Mascarilla adiós daños repara y fortifica Fructis frasco 320 ml",
    "precio_unitario": "4,89 €",
    "precio_por_unidad": "(1,53 €/100 ML.)",
    "imagen": "https://www.dia.es/product_images/231510/231510_ISO_0_ES.jpg?imwidth=392"
  },
  {
    "categoria": "Acondicionadores y mascarillas",
    "nombre": "Mascarilla cebolla y biotina Anian bote 350 ml",
    "precio_unitario": "3,30 €",
    "precio_por_unidad": "(0,94 €/100 ML.)",
    "imagen": "https://www.dia.es/product_images/294406/294406_ISO_0_ES.jpg?imwidth=392"
  },
  {
    "categoria": "Acondicionadores y mascarillas",
    "nombre": "Mascarilla hidra ácido hialurónico Elvive frasco 310 ml",
    "precio_unitario": "4,50 €",
    "precio_por_unidad": "(1,45 €/100 ML.)",
    "imagen": "https://www.dia.es/product_images/282600/282600_ISO_0_ES.jpg?imwidth=392"
  },
  {
    "categoria": "Acondicionadores y mascarillas",
    "nombre": "Crema capilar nutri rizos sin aclarado Fructis bote 400 ml",
    "precio_unitario": "5,49 €",
    "precio_por_unidad": "(1,37 €/100 ML.)",
    "imagen": "https://www.dia.es/product_images/262316/262316_ISO_0_ES.jpg?imwidth=392"
  },
  {
    "categoria": "Acondicionadores y mascarillas",
    "nombre": "Crema suavizante color vive cabello teñido Elvive bote 250 ml",
    "precio_unitario": "3,00 €",
    "precio_por_unidad": "(1,20 €/100 ML.)",
    "imagen": "https://www.dia.es/product_images/66167/66167_ISO_0_ES.jpg?imwidth=392"
  },
  {
    "categoria": "Acondicionadores y mascarillas",
    "nombre": "Acondicionador adiós frizz miracles Pantene tubo 160 ml",
    "precio_unitario": "3,99 €",
    "precio_por_unidad": "(2,49 €/100 ML.)",
    "imagen": "https://www.dia.es/product_images/301273/301273_ISO_0_ES.jpg?imwidth=392"
  },
  {
    "categoria": "Acondicionadores y mascarillas",
    "nombre": "Mascarilla repara y revitaliza Anian bote 350 ml",
    "precio_unitario": "3,30 €",
    "precio_por_unidad": "(0,94 €/100 ML.)",
    "imagen": "https://www.dia.es/product_images/299095/299095_ISO_0_ES.jpg?imwidth=392"
  },
  {
    "categoria": "Acondicionadores y mascarillas",
    "nombre": "Mascarilla capilar suave y liso Tulipán Negro bote 400 ml",
    "precio_unitario": "4,90 €",
    "precio_por_unidad": "(1,23 €/100 ML.)",
    "imagen": "https://www.dia.es/product_images/297928/297928_ISO_0_ES.jpg?imwidth=392"
  },
  {
    "categoria": "Acondicionadores y mascarillas",
    "nombre": "Mascarilla capilar repara y protege Tulipán Negro bote 400 ml",
    "precio_unitario": "4,90 €",
    "precio_por_unidad": "(1,23 €/100 ML.)",
    "imagen": "https://www.dia.es/product_images/297418/297418_ISO_0_ES.jpg?imwidth=392"
  },
  {
    "categoria": "Acondicionadores y mascarillas",
    "nombre": "Aceite de argán para pelo seco y dañado Imaqe de Dia spray 100 ml",
    "precio_unitario": "4,45 €",
    "precio_por_unidad": "(4,45 €/100 ML.)",
    "imagen": "https://www.dia.es/product_images/291573/291573_ISO_0_ES.jpg?imwidth=392"
  },
  {
    "categoria": "Acondicionadores y mascarillas",
    "nombre": "Mascarilla aceite de argán Ogx frasco 300 ml",
    "precio_unitario": "8,99 €",
    "precio_por_unidad": "(3,00 €/100 ML.)",
    "imagen": "https://www.dia.es/product_images/285908/285908_ISO_0_ES.jpg?imwidth=392"
  },
  {
    "categoria": "Acondicionadores y mascarillas",
    "nombre": "Crema sin aclarado magic flash Revlon spray 200 ml",
    "precio_unitario": "4,49 €",
    "precio_por_unidad": "(2,25 €/100 ML.)",
    "imagen": "https://www.dia.es/product_images/285593/285593_ISO_0_ES.jpg?imwidth=392"
  },
  {
    "categoria": "Acondicionadores y mascarillas",
    "nombre": "Crema sin aclarado instant frizz control Pantene frasco 70 ml",
    "precio_unitario": "7,99 €",
    "precio_por_unidad": "(11,41 €/100 ML.)",
    "imagen": "https://www.dia.es/product_images/284141/284141_ISO_0_ES.jpg?imwidth=392"
  },
  {
    "categoria": "Acondicionadores y mascarillas",
    "nombre": "Mascarilla repara y protege cabello dañado pack Pantene frasco 600 ml",
    "precio_unitario": "8,49 €",
    "precio_por_unidad": "(1,42 €/100 ML.)",
    "imagen": "https://www.dia.es/product_images/283802/283802_ISO_0_ES.jpg?imwidth=392"
  },
  {
    "categoria": "Acondicionadores y mascarillas",
    "nombre": "Mascarilla reparadora con aceite argán Herbal Essences frasco 450 ml",
    "precio_unitario": "7,99 €",
    "precio_por_unidad": "(1,78 €/100 ML.)",
    "imagen": "https://www.dia.es/product_images/283797/283797_ISO_0_ES.jpg?imwidth=392"
  },
  {
    "categoria": "Acondicionadores y mascarillas",
    "nombre": "Mascarilla hair food papaya reparadora Fructis frasco 400 ml",
    "precio_unitario": "6,35 €",
    "precio_por_unidad": "(1,59 €/100 ML.)",
    "imagen": "https://www.dia.es/product_images/247208/247208_ISO_0_ES.jpg?imwidth=392"
  },
  {
    "categoria": "Acondicionadores y mascarillas",
    "nombre": "Mascarilla hair food banana ultra nutritiva Fructis frasco 400 ml",
    "precio_unitario": "6,35 €",
    "precio_por_unidad": "(1,59 €/100 ML.)",
    "imagen": "https://www.dia.es/product_images/247207/247207_ISO_0_ES.jpg?imwidth=392"
  },
  {
    "categoria": "Acondicionadores y mascarillas",
    "nombre": "Mascarilla capilar dream long Elvive bote 300 ml",
    "precio_unitario": "4,50 €",
    "precio_por_unidad": "(1,50 €/100 ML.)",
    "imagen": "https://www.dia.es/product_images/246029/246029_ISO_0_ES.jpg?imwidth=392"
  },
  {
    "categoria": "Acondicionadores y mascarillas",
    "nombre": "Ampollas liso extremo 1 min Pantene caja 3 unidades",
    "precio_unitario": "4,45 €",
    "precio_por_unidad": "(1,48 €/ud)",
    "imagen": "https://www.dia.es/product_images/245354/245354_ISO_0_ES.jpg?imwidth=392"
  },
  {
    "categoria": "Acondicionadores y mascarillas",
    "nombre": "Polvo texturizante y volumen Got2b frasco 10 g",
    "precio_unitario": "5,99 €",
    "precio_por_unidad": "(59,90 €/100 GR.)",
    "imagen": "https://www.dia.es/product_images/236231/236231_ISO_0_ES.jpg?imwidth=392"
  },
  {
    "categoria": "Acondicionadores y mascarillas",
    "nombre": "Pasta mate fijadora beach boy Got2b frasco 100 ml",
    "precio_unitario": "4,95 €",
    "precio_por_unidad": "(4,95 €/100 ML.)",
    "imagen": "https://www.dia.es/product_images/236225/236225_ISO_0_ES.jpg?imwidth=392"
  },
  {
    "categoria": "Acondicionadores y mascarillas",
    "nombre": "Mascarilla délicatesse todo tipo de cabello Original Remedies frasco 300 ml",
    "precio_unitario": "4,69 €",
    "precio_por_unidad": "(1,56 €/100 ML.)",
    "imagen": "https://www.dia.es/product_images/223208/223208_ISO_0_ES.jpg?imwidth=392"
  },
  {
    "categoria": "Acondicionadores y mascarillas",
    "nombre": "Aceite oliva en crema sin aclarado cabello Original Remedies bote 200 ml",
    "precio_unitario": "3,45 €",
    "precio_por_unidad": "(1,73 €/100 ML.)",
    "imagen": "https://www.dia.es/product_images/206499/206499_ISO_0_ES.jpg?imwidth=392"
  },
  {
    "categoria": "Acondicionadores y mascarillas",
    "nombre": "Mascarilla oliva mítica Original Remedies frasco 300 ml",
    "precio_unitario": "4,69 €",
    "precio_por_unidad": "(1,56 €/100 ML.)",
    "imagen": "https://www.dia.es/product_images/206497/206497_ISO_0_ES.jpg?imwidth=392"
  },
  {
    "categoria": "Acondicionadores y mascarillas",
    "nombre": "Mascarilla tesoros de miel Original Remedies frasco 300 ml",
    "precio_unitario": "4,69 €",
    "precio_por_unidad": "(1,56 €/100 ML.)",
    "imagen": "https://www.dia.es/product_images/206488/206488_ISO_0_ES.jpg?imwidth=392"
  },
  {
    "categoria": "Acondicionadores y mascarillas",
    "nombre": "Serum antiencrespamiento extrafuerte Frizz ease bote 50 ml",
    "precio_unitario": "12,99 €",
    "precio_por_unidad": "(25,98 €/100 ML.)",
    "imagen": "https://www.dia.es/product_images/191941/191941_ISO_0_ES.jpg?imwidth=392"
  },
  {
    "categoria": "Acondicionadores y mascarillas",
    "nombre": "Aceite seco repara y protege nutre las puntas Pantene frasco 100 ml",
    "precio_unitario": "7,95 €",
    "precio_por_unidad": "(7,95 €/100 ML.)",
    "imagen": "https://www.dia.es/product_images/175140/175140_ISO_0_ES.jpg?imwidth=392"
  },
  {
    "categoria": "Acondicionadores y mascarillas",
    "nombre": "Ampollas rescate 1 min tratamiento intensivo Pantene caja 3 unidades",
    "precio_unitario": "4,45 €",
    "precio_por_unidad": "(1,48 €/ud)",
    "imagen": "https://www.dia.es/product_images/168171/168171_ISO_0_ES.jpg?imwidth=392"
  },
  {
    "categoria": "Acondicionadores y mascarillas",
    "nombre": "Mascarilla reconstructora rizos definidos Pantene frasco 300 ml",
    "precio_unitario": "4,29 €",
    "precio_por_unidad": "(1,43 €/100 ML.)",
    "imagen": "https://www.dia.es/product_images/157339/157339_ISO_0_ES.jpg?imwidth=392"
  },
  {
    "categoria": "Acondicionadores y mascarillas",
    "nombre": "Aceite extraordinario Elvive bote 100 ml",
    "precio_unitario": "9,99 €",
    "precio_por_unidad": "(9,99 €/100 ML.)",
    "imagen": "https://www.dia.es/product_images/155612/155612_ISO_0_ES.jpg?imwidth=392"
  },
  {
    "categoria": "Acondicionadores y mascarillas",
    "nombre": "Serum intensivo repara y protege cabello dañado Pantene spray 75 ml",
    "precio_unitario": "6,95 €",
    "precio_por_unidad": "(9,27 €/100 ML.)",
    "imagen": "https://www.dia.es/product_images/155347/155347_ISO_0_ES.jpg?imwidth=392"
  },
  {
    "categoria": "Acondicionadores y mascarillas",
    "nombre": "Mascarilla capilar total repair Elvive frasco 310 ml",
    "precio_unitario": "4,50 €",
    "precio_por_unidad": "(1,45 €/100 ML.)",
    "imagen": "https://www.dia.es/product_images/116611/116611_ISO_0_ES.jpg?imwidth=392"
  },
  {
    "categoria": "Acondicionadores y mascarillas",
    "nombre": "Mascarilla capilar color vive Elvive frasco 310 ml",
    "precio_unitario": "4,50 €",
    "precio_por_unidad": "(1,45 €/100 ML.)",
    "imagen": "https://www.dia.es/product_images/116610/116610_ISO_0_ES.jpg?imwidth=392"
  },
  {
    "categoria": "Espumas y fijadores",
    "nombre": "Crema activadora de rizos Método Curly Imaqe de Dia botella 200 ml",
    "precio_unitario": "2,99 €",
    "precio_por_unidad": "(1,50 €/100 ML.)",
    "imagen": "https://www.dia.es/product_images/289596/289596_ISO_0_ES.jpg?imwidth=392"
  },
  {
    "categoria": "Espumas y fijadores",
    "nombre": "Espuma fijadora rizos perfectos Imaqe de Dia spray 300 ml",
    "precio_unitario": "2,30 €",
    "precio_por_unidad": "(0,77 €/100 ML.)",
    "imagen": "https://www.dia.es/product_images/297156/297156_ISO_0_ES.jpg?imwidth=392"
  },
  {
    "categoria": "Espumas y fijadores",
    "nombre": "Laca fijación fuerte Nelly spray 600 ml",
    "precio_unitario": "3,55 €",
    "precio_por_unidad": "(0,59 €/100 ML.)",
    "imagen": "https://www.dia.es/product_images/287948/287948_ISO_0_ES.jpg?imwidth=392"
  },
  {
    "categoria": "Espumas y fijadores",
    "nombre": "Gomina fijación extrafuerte Imaqe de Dia tubo 200 ml",
    "precio_unitario": "1,85 €",
    "precio_por_unidad": "(0,93 €/100 ML.)",
    "imagen": "https://www.dia.es/product_images/297153/297153_ISO_0_ES.jpg?imwidth=392"
  },
  {
    "categoria": "Espumas y fijadores",
    "nombre": "Espuma rizos definidos Pantene spray 200 ml",
    "precio_unitario": "3,79 €",
    "precio_por_unidad": "(1,90 €/100 ML.)",
    "imagen": "https://www.dia.es/product_images/161018/161018_ISO_0_ES.jpg?imwidth=392"
  },
  {
    "categoria": "Espumas y fijadores",
    "nombre": "Laca clásica Nelly spray 600 ml",
    "precio_unitario": "3,55 €",
    "precio_por_unidad": "(0,59 €/100 ML.)",
    "imagen": "https://www.dia.es/product_images/29176/29176_ISO_0_ES.jpg?imwidth=392"
  },
  {
    "categoria": "Espumas y fijadores",
    "nombre": "Gomina efecto mojado Imaqe de Dia tubo 200 ml",
    "precio_unitario": "1,85 €",
    "precio_por_unidad": "(0,93 €/100 ML.)",
    "imagen": "https://www.dia.es/product_images/297152/297152_ISO_0_ES.jpg?imwidth=392"
  },
  {
    "categoria": "Espumas y fijadores",
    "nombre": "Laca fijación extrafuerte todo tipo de cabello Fixpray spray 400 ml",
    "precio_unitario": "3,85 €",
    "precio_por_unidad": "(0,96 €/100 ML.)",
    "imagen": "https://www.dia.es/product_images/63846/63846_ISO_0_ES.jpg?imwidth=392"
  },
  {
    "categoria": "Espumas y fijadores",
    "nombre": "Espuma fijadora extrafuerte Imaqe de Dia spray 300 ml",
    "precio_unitario": "2,20 €",
    "precio_por_unidad": "(0,73 €/100 ML.)",
    "imagen": "https://www.dia.es/product_images/297159/297159_ISO_0_ES.jpg?imwidth=392"
  },
  {
    "categoria": "Espumas y fijadores",
    "nombre": "Cera fijadora para pelo acabado mate Imaqe de Dia bote 100 ml",
    "precio_unitario": "3,20 €",
    "precio_por_unidad": "(3,20 €/100 ML.)",
    "imagen": "https://www.dia.es/product_images/297155/297155_ISO_0_ES.jpg?imwidth=392"
  },
  {
    "categoria": "Espumas y fijadores",
    "nombre": "Cera fijadora para pelo efecto brillo Imaqe de Dia bote 100 ml",
    "precio_unitario": "3,20 €",
    "precio_por_unidad": "(3,20 €/100 ML.)",
    "imagen": "https://www.dia.es/product_images/297154/297154_ISO_0_ES.jpg?imwidth=392"
  },
  {
    "categoria": "Espumas y fijadores",
    "nombre": "Espuma hidra rizos Fructis spray 300 ml",
    "precio_unitario": "3,49 €",
    "precio_por_unidad": "(1,16 €/100 ML.)",
    "imagen": "https://www.dia.es/product_images/18615/18615_ISO_0_ES.jpg?imwidth=392"
  },
  {
    "categoria": "Espumas y fijadores",
    "nombre": "Laca fijación fuerte Elnett spray 200 ml",
    "precio_unitario": "4,49 €",
    "precio_por_unidad": "(2,25 €/100 ML.)",
    "imagen": "https://www.dia.es/product_images/40800/40800_ISO_0_ES.jpg?imwidth=392"
  },
  {
    "categoria": "Espumas y fijadores",
    "nombre": "Laca volumen perfecto Pantene spray 250 ml",
    "precio_unitario": "3,99 €",
    "precio_por_unidad": "(1,60 €/100 ML.)",
    "imagen": "https://www.dia.es/product_images/202943/202943_ISO_0_ES.jpg?imwidth=392"
  },
  {
    "categoria": "Espumas y fijadores",
    "nombre": "Protector térmico Nelly spray 200 ml",
    "precio_unitario": "3,35 €",
    "precio_por_unidad": "(1,68 €/100 ML.)",
    "imagen": "https://www.dia.es/product_images/288729/288729_ISO_0_ES.jpg?imwidth=392"
  },
  {
    "categoria": "Espumas y fijadores",
    "nombre": "Laca fijación normal cabello seco/normal Fixpray spray 400 ml",
    "precio_unitario": "3,85 €",
    "precio_por_unidad": "(0,96 €/100 ML.)",
    "imagen": "https://www.dia.es/product_images/151933/151933_ISO_0_ES.jpg?imwidth=392"
  },
  {
    "categoria": "Espumas y fijadores",
    "nombre": "Laca fijación ultra fuerte Pantene spray 250 ml",
    "precio_unitario": "3,99 €",
    "precio_por_unidad": "(1,60 €/100 ML.)",
    "imagen": "https://www.dia.es/product_images/268770/268770_ISO_0_ES.jpg?imwidth=392"
  },
  {
    "categoria": "Espumas y fijadores",
    "nombre": "Espuma perfect volume Pantene spray 200 ml",
    "precio_unitario": "3,79 €",
    "precio_por_unidad": "(1,90 €/100 ML.)",
    "imagen": "https://www.dia.es/product_images/161256/161256_ISO_0_ES.jpg?imwidth=392"
  },
  {
    "categoria": "Espumas y fijadores",
    "nombre": "Cera fijadora en gel ultra fuerte Giorgi line bote 145 ml",
    "precio_unitario": "3,59 €",
    "precio_por_unidad": "(2,48 €/100 ML.)",
    "imagen": "https://www.dia.es/product_images/248204/248204_ISO_0_ES.jpg?imwidth=392"
  },
  {
    "categoria": "Tintes",
    "nombre": "Tinte pelo permanente color negro nº 1.0 Imaqe de Dia caja 1 unidad",
    "precio_unitario": "3,85 €",
    "precio_por_unidad": "(3,85 €/ud)",
    "imagen": "https://www.dia.es/product_images/292762/292762_ISO_0_ES.jpg?imwidth=392"
  },
  {
    "categoria": "Tintes",
    "nombre": "Tinte pelo permanente color castaño oscuro nº 3.0 Imaqe de Dia caja 1 unidad",
    "precio_unitario": "3,85 €",
    "precio_por_unidad": "(3,85 €/ud)",
    "imagen": "https://www.dia.es/product_images/292764/292764_ISO_0_ES.jpg?imwidth=392"
  },
  {
    "categoria": "Tintes",
    "nombre": "Tinte rubio oscuro nº6 Color sensation caja 1 unidad",
    "precio_unitario": "3,99 €",
    "precio_por_unidad": "(3,99 €/ud)",
    "imagen": "https://www.dia.es/product_images/149195/149195_ISO_0_ES.jpg?imwidth=392"
  },
  {
    "categoria": "Tintes",
    "nombre": "Tinte pelo permanente color rubio oscuro rojizo nº 6.6 Imaqe de Dia caja 1 unidad",
    "precio_unitario": "3,85 €",
    "precio_por_unidad": "(3,85 €/ud)",
    "imagen": "https://www.dia.es/product_images/292775/292775_ISO_0_ES.jpg?imwidth=392"
  },
  {
    "categoria": "Tintes",
    "nombre": "Tinte pelo permanente color chocolate nº 5.93 Imaqe de Dia caja 1 unidad",
    "precio_unitario": "3,85 €",
    "precio_por_unidad": "(3,85 €/ud)",
    "imagen": "https://www.dia.es/product_images/292774/292774_ISO_0_ES.jpg?imwidth=392"
  },
  {
    "categoria": "Tintes",
    "nombre": "Tinte rubio extra claro nº110 Color sensation caja 1 unidad",
    "precio_unitario": "3,99 €",
    "precio_por_unidad": "(3,99 €/ud)",
    "imagen": "https://www.dia.es/product_images/149192/149192_ISO_0_ES.jpg?imwidth=392"
  },
  {
    "categoria": "Tintes",
    "nombre": "Tinte pelo permanente color castaño claro nº 5.0 Imaqe de Dia caja 1 unidad",
    "precio_unitario": "3,85 €",
    "precio_por_unidad": "(3,85 €/ud)",
    "imagen": "https://www.dia.es/product_images/292766/292766_ISO_0_ES.jpg?imwidth=392"
  },
  {
    "categoria": "Tintes",
    "nombre": "Tinte negro azulado nº1.1 Palette caja 1 unidad",
    "precio_unitario": "4,69 €",
    "precio_por_unidad": "(4,69 €/ud)",
    "imagen": "https://www.dia.es/product_images/148419/148419_ISO_0_ES.jpg?imwidth=392"
  },
  {
    "categoria": "Tintes",
    "nombre": "Tinte pelo permanente color rubio medio nº 7.0 Imaqe de Dia caja 1 unidad",
    "precio_unitario": "3,85 €",
    "precio_por_unidad": "(3,85 €/ud)",
    "imagen": "https://www.dia.es/product_images/292769/292769_ISO_0_ES.jpg?imwidth=392"
  },
  {
    "categoria": "Tintes",
    "nombre": "Tinte rojo intenso nº6.60 Color sensation caja 1 unidad",
    "precio_unitario": "3,99 €",
    "precio_por_unidad": "(3,99 €/ud)",
    "imagen": "https://www.dia.es/product_images/155546/155546_ISO_0_ES.jpg?imwidth=392"
  },
  {
    "categoria": "Tintes",
    "nombre": "Tinte rubio caramelo nº6.35 Color sensation caja 1 unidad",
    "precio_unitario": "3,99 €",
    "precio_por_unidad": "(3,99 €/ud)",
    "imagen": "https://www.dia.es/product_images/155542/155542_ISO_0_ES.jpg?imwidth=392"
  },
  {
    "categoria": "Tintes",
    "nombre": "Tinte rubio oscuro nº6.10 Nutrisse caja 1 unidad",
    "precio_unitario": "5,99 €",
    "precio_por_unidad": "(5,99 €/ud)",
    "imagen": "https://www.dia.es/product_images/225771/225771_ISO_0_ES.jpg?imwidth=392"
  },
  {
    "categoria": "Tintes",
    "nombre": "Tinte pelo permanente color rubio claro dorado nº 8.34 Imaqe de Dia caja 1 unidad",
    "precio_unitario": "3,85 €",
    "precio_por_unidad": "(3,85 €/ud)",
    "imagen": "https://www.dia.es/product_images/292776/292776_ISO_0_ES.jpg?imwidth=392"
  },
  {
    "categoria": "Tintes",
    "nombre": "Tinte pelo permanente color rubio oscuro nº 6.0 Imaqe de Dia caja 1 unidad",
    "precio_unitario": "3,85 €",
    "precio_por_unidad": "(3,85 €/ud)",
    "imagen": "https://www.dia.es/product_images/292767/292767_ISO_0_ES.jpg?imwidth=392"
  },
  {
    "categoria": "Tintes",
    "nombre": "Tinte chocolate nº4.15 Color sensation caja 1 unidad",
    "precio_unitario": "3,99 €",
    "precio_por_unidad": "(3,99 €/ud)",
    "imagen": "https://www.dia.es/product_images/149193/149193_ISO_0_ES.jpg?imwidth=392"
  },
  {
    "categoria": "Tintes",
    "nombre": "Tinte intensive age color 10.1 rubio muy claro ceniza Palette caja 1 unidad",
    "precio_unitario": "5,49 €",
    "precio_por_unidad": "(5,49 €/ud)",
    "imagen": "https://www.dia.es/product_images/291562/291562_ISO_0_ES.jpg?imwidth=392"
  },
  {
    "categoria": "Tintes",
    "nombre": "Tinte castaño oscuro nº3.65 Palette caja 1 unidad",
    "precio_unitario": "4,69 €",
    "precio_por_unidad": "(4,69 €/ud)",
    "imagen": "https://www.dia.es/product_images/148421/148421_ISO_0_ES.jpg?imwidth=392"
  },
  {
    "categoria": "Tintes",
    "nombre": "Tinte rubio claro nº8 Nutrisse caja 1 unidad",
    "precio_unitario": "5,99 €",
    "precio_por_unidad": "(5,99 €/ud)",
    "imagen": "https://www.dia.es/product_images/225773/225773_ISO_0_ES.jpg?imwidth=392"
  },
  {
    "categoria": "Tintes",
    "nombre": "Tinte castaño claro nº5 Palette caja 1 unidad",
    "precio_unitario": "4,69 €",
    "precio_por_unidad": "(4,69 €/ud)",
    "imagen": "https://www.dia.es/product_images/154973/154973_ISO_0_ES.jpg?imwidth=392"
  },
  {
    "categoria": "Tintes",
    "nombre": "Tinte castaño nº4 Nutrisse caja 1 unidad",
    "precio_unitario": "5,99 €",
    "precio_por_unidad": "(5,99 €/ud)",
    "imagen": "https://www.dia.es/product_images/225767/225767_ISO_0_ES.jpg?imwidth=392"
  },
  {
    "categoria": "Tintes",
    "nombre": "Tinte retoca raíces tono negro L'Oréal Magic retouch spray 75 ml",
    "precio_unitario": "6,25 €",
    "precio_por_unidad": "(8,33 €/100 ML.)",
    "imagen": "https://www.dia.es/product_images/302125/302125_ISO_0_ES.jpg?imwidth=392"
  },
  {
    "categoria": "Tintes",
    "nombre": "Tinte retoca raíces tono marrón L'Oréal Magic retouch bote 75 ml",
    "precio_unitario": "6,25 €",
    "precio_por_unidad": "(8,33 €/100 ML.)",
    "imagen": "https://www.dia.es/product_images/301089/301089_ISO_0_ES.jpg?imwidth=392"
  },
  {
    "categoria": "Tintes",
    "nombre": "Tinte pelo permanente color silver nº 0.12 Imaqe de Dia caja 1 unidad",
    "precio_unitario": "3,85 €",
    "precio_por_unidad": "(3,85 €/ud)",
    "imagen": "https://www.dia.es/product_images/292773/292773_ISO_0_ES.jpg?imwidth=392"
  },
  {
    "categoria": "Tintes",
    "nombre": "Tinte pelo permanente color rubio claro nº 8.0 Imaqe de Dia caja 1 unidad",
    "precio_unitario": "3,85 €",
    "precio_por_unidad": "(3,85 €/ud)",
    "imagen": "https://www.dia.es/product_images/292771/292771_ISO_0_ES.jpg?imwidth=392"
  },
  {
    "categoria": "Tintes",
    "nombre": "Tinte intensive age color 7.1 rubio ceniza Palette caja 1 unidad",
    "precio_unitario": "5,49 €",
    "precio_por_unidad": "(5,49 €/ud)",
    "imagen": "https://www.dia.es/product_images/292050/292050_ISO_0_ES.jpg?imwidth=392"
  },
  {
    "categoria": "Tintes",
    "nombre": "Tinte intensive age color 9.0 rubio claro Palette caja 1 unidad",
    "precio_unitario": "5,49 €",
    "precio_por_unidad": "(5,49 €/ud)",
    "imagen": "https://www.dia.es/product_images/292048/292048_ISO_0_ES.jpg?imwidth=392"
  },
  {
    "categoria": "Tintes",
    "nombre": "Tinte rojo intenso nº5-92 Syoss caja 1 unidad",
    "precio_unitario": "5,99 €",
    "precio_por_unidad": "(5,99 €/ud)",
    "imagen": "https://www.dia.es/product_images/251134/251134_ISO_0_ES.jpg?imwidth=392"
  },
  {
    "categoria": "Tintes",
    "nombre": "Tinte rubio dorado nº7.3 Nutrisse caja 1 unidad",
    "precio_unitario": "5,99 €",
    "precio_por_unidad": "(5,99 €/ud)",
    "imagen": "https://www.dia.es/product_images/225779/225779_ISO_0_ES.jpg?imwidth=392"
  },
  {
    "categoria": "Tintes",
    "nombre": "Tinte negro nº1 Nutrisse caja 1 unidad",
    "precio_unitario": "5,99 €",
    "precio_por_unidad": "(5,99 €/ud)",
    "imagen": "https://www.dia.es/product_images/225777/225777_ISO_0_ES.jpg?imwidth=392"
  },
  {
    "categoria": "Tintes",
    "nombre": "Tinte rubio muy claro nº9 Nutrisse caja 1 unidad",
    "precio_unitario": "5,99 €",
    "precio_por_unidad": "(5,99 €/ud)",
    "imagen": "https://www.dia.es/product_images/225775/225775_ISO_0_ES.jpg?imwidth=392"
  },
  {
    "categoria": "Tintes",
    "nombre": "Tinte castaño oscuro nº3 Nutrisse caja 1 unidad",
    "precio_unitario": "5,99 €",
    "precio_por_unidad": "(5,99 €/ud)",
    "imagen": "https://www.dia.es/product_images/225774/225774_ISO_0_ES.jpg?imwidth=392"
  },
  {
    "categoria": "Tintes",
    "nombre": "Tinte castaño claro nº5 Nutrisse caja 1 unidad",
    "precio_unitario": "5,99 €",
    "precio_por_unidad": "(5,99 €/ud)",
    "imagen": "https://www.dia.es/product_images/225772/225772_ISO_0_ES.jpg?imwidth=392"
  },
  {
    "categoria": "Tintes",
    "nombre": "Tinte rubio nº7 Nutrisse caja 1 unidad",
    "precio_unitario": "5,99 €",
    "precio_por_unidad": "(5,99 €/ud)",
    "imagen": "https://www.dia.es/product_images/225770/225770_ISO_0_ES.jpg?imwidth=392"
  },
  {
    "categoria": "Tintes",
    "nombre": "Tinte chocolate nº5.35 Nutrisse caja 1 unidad",
    "precio_unitario": "5,99 €",
    "precio_por_unidad": "(5,99 €/ud)",
    "imagen": "https://www.dia.es/product_images/225766/225766_ISO_0_ES.jpg?imwidth=392"
  },
  {
    "categoria": "Tintes",
    "nombre": "Tinte rubio claro ceniza nº8.1 Palette caja 1 unidad",
    "precio_unitario": "4,69 €",
    "precio_por_unidad": "(4,69 €/ud)",
    "imagen": "https://www.dia.es/product_images/203436/203436_ISO_0_ES.jpg?imwidth=392"
  },
  {
    "categoria": "Tintes",
    "nombre": "Tinte rubio nº7 Color sensation caja 1 unidad",
    "precio_unitario": "3,99 €",
    "precio_por_unidad": "(3,99 €/ud)",
    "imagen": "https://www.dia.es/product_images/171415/171415_ISO_0_ES.jpg?imwidth=392"
  },
  {
    "categoria": "Tintes",
    "nombre": "Tinte rubio medio nº7 Palette caja 1 unidad",
    "precio_unitario": "4,69 €",
    "precio_por_unidad": "(4,69 €/ud)",
    "imagen": "https://www.dia.es/product_images/171397/171397_ISO_0_ES.jpg?imwidth=392"
  },
  {
    "categoria": "Tintes",
    "nombre": "Tinte rubio muy claro nº10 Palette caja 1 unidad",
    "precio_unitario": "4,69 €",
    "precio_por_unidad": "(4,69 €/ud)",
    "imagen": "https://www.dia.es/product_images/169194/169194_ISO_0_ES.jpg?imwidth=392"
  },
  {
    "categoria": "Tintes",
    "nombre": "Tinte castaño caramelo nº5.6 Palette caja 1 unidad",
    "precio_unitario": "4,69 €",
    "precio_por_unidad": "(4,69 €/ud)",
    "imagen": "https://www.dia.es/product_images/169193/169193_ISO_0_ES.jpg?imwidth=392"
  },
  {
    "categoria": "Tintes",
    "nombre": "Tinte rubio dorado caramelo nº7.5 Palette caja 1 unidad",
    "precio_unitario": "4,69 €",
    "precio_por_unidad": "(4,69 €/ud)",
    "imagen": "https://www.dia.es/product_images/168948/168948_ISO_0_ES.jpg?imwidth=392"
  },
  {
    "categoria": "Tintes",
    "nombre": "Tinte violín nº4,99 Palette caja 1 unidad",
    "precio_unitario": "4,69 €",
    "precio_por_unidad": "(4,69 €/ud)",
    "imagen": "https://www.dia.es/product_images/154974/154974_ISO_0_ES.jpg?imwidth=392"
  },
  {
    "categoria": "Tintes",
    "nombre": "Tinte para hombre moreno Jfm 1 unidad",
    "precio_unitario": "8,99 €",
    "precio_por_unidad": "(8,99 €/ud)",
    "imagen": "https://www.dia.es/product_images/153144/153144_ISO_0_ES.jpg?imwidth=392"
  },
  {
    "categoria": "Tintes",
    "nombre": "Tinte rubio luminoso nº8 Color sensation caja 1 unidad",
    "precio_unitario": "3,99 €",
    "precio_por_unidad": "(3,99 €/ud)",
    "imagen": "https://www.dia.es/product_images/149196/149196_ISO_0_ES.jpg?imwidth=392"
  },
  {
    "categoria": "Tintes",
    "nombre": "Tinte ultra negro nº1 Color sensation caja 1 unidad",
    "precio_unitario": "3,99 €",
    "precio_por_unidad": "(3,99 €/ud)",
    "imagen": "https://www.dia.es/product_images/149191/149191_ISO_0_ES.jpg?imwidth=392"
  },
  {
    "categoria": "Tintes",
    "nombre": "Tinte castaño medio chocolate nº1 Palette caja 1 unidad",
    "precio_unitario": "4,69 €",
    "precio_por_unidad": "(4,69 €/ud)",
    "imagen": "https://www.dia.es/product_images/148422/148422_ISO_0_ES.jpg?imwidth=392"
  },
  {
    "categoria": "Tintes",
    "nombre": "Tinte rubio oscuro nº6 Palette caja 1 unidad",
    "precio_unitario": "4,69 €",
    "precio_por_unidad": "(4,69 €/ud)",
    "imagen": "https://www.dia.es/product_images/148420/148420_ISO_0_ES.jpg?imwidth=392"
  },
  {
    "categoria": "Tintes",
    "nombre": "Tinte negro nº1 Palette caja 1 unidad",
    "precio_unitario": "4,69 €",
    "precio_por_unidad": "(4,69 €/ud)",
    "imagen": "https://www.dia.es/product_images/148418/148418_ISO_0_ES.jpg?imwidth=392"
  },
  {
    "categoria": "Tintes",
    "nombre": "Tinte rubio claro nº8 Palette caja 1 unidad",
    "precio_unitario": "4,69 €",
    "precio_por_unidad": "(4,69 €/ud)",
    "imagen": "https://www.dia.es/product_images/142614/142614_ISO_0_ES.jpg?imwidth=392"
  },
  {
    "categoria": "Limpieza facial, crema facial",
    "nombre": "Toallitas desmaquillantes para pieles sensibles con extractos de rosas Imaqe de Dia bolsa 30 unidades",
    "precio_unitario": "1,00 €",
    "precio_por_unidad": "(0,03 €/ud)",
    "imagen": "https://www.dia.es/product_images/272019/272019_ISO_0_ES.jpg?imwidth=392"
  },
  {
    "categoria": "Limpieza facial, crema facial",
    "nombre": "Toallitas desmaquillantes micelar con aloe vera Imaqe de Dia bolsa 30 unidades",
    "precio_unitario": "1,00 €",
    "precio_por_unidad": "(0,03 €/ud)",
    "imagen": "https://www.dia.es/product_images/272017/272017_ISO_0_ES.jpg?imwidth=392"
  },
  {
    "categoria": "Limpieza facial, crema facial",
    "nombre": "Agua micelar con extracto de pétalos de rosa Imaqe de Dia bote 250 ml",
    "precio_unitario": "1,99 €",
    "precio_por_unidad": "(0,80 €/100 ML.)",
    "imagen": "https://www.dia.es/product_images/272021/272021_ISO_0_ES.jpg?imwidth=392"
  },
  {
    "categoria": "Limpieza facial, crema facial",
    "nombre": "Crema facial natural con vitamina C Imaqe de Dia frasco 50 ml",
    "precio_unitario": "4,95 €",
    "precio_por_unidad": "(9,90 €/100 ML.)",
    "imagen": "https://www.dia.es/product_images/292839/292839_ISO_0_ES.jpg?imwidth=392"
  },
  {
    "categoria": "Limpieza facial, crema facial",
    "nombre": "Sérum facial natural con vitamina C Imaqe de Dia bote 30 ml",
    "precio_unitario": "5,90 €",
    "precio_por_unidad": "(19,67 €/100 ML.)",
    "imagen": "https://www.dia.es/product_images/292840/292840_ISO_0_ES.jpg?imwidth=392"
  },
  {
    "categoria": "Limpieza facial, crema facial",
    "nombre": "Desmaquillante de ojos waterproof Imaqe de Dia bote 125 ml",
    "precio_unitario": "1,67 €",
    "precio_por_unidad": "(1,34 €/100 ML.)",
    "imagen": "https://www.dia.es/product_images/272023/272023_ISO_0_ES.jpg?imwidth=392"
  },
  {
    "categoria": "Limpieza facial, crema facial",
    "nombre": "Gel limpiador facial refrescante aloe vera y hamamelis Imaqe de Dia bote 250 ml",
    "precio_unitario": "2,60 €",
    "precio_por_unidad": "(1,04 €/100 ML.)",
    "imagen": "https://www.dia.es/product_images/272024/272024_ISO_0_ES.jpg?imwidth=392"
  },
  {
    "categoria": "Limpieza facial, crema facial",
    "nombre": "Leche desmaquillante calmante pétalos de rosa Imaqe de Dia bote 250 ml",
    "precio_unitario": "1,55 €",
    "precio_por_unidad": "(0,62 €/100 ML.)",
    "imagen": "https://www.dia.es/product_images/272022/272022_ISO_0_ES.jpg?imwidth=392"
  },
  {
    "categoria": "Limpieza facial, crema facial",
    "nombre": "Mascarilla facial hidratante con aguacate y ácido hialurónico Iroha sobre 1 unidad",
    "precio_unitario": "2,30 €",
    "precio_por_unidad": "(2,30 €/ud)",
    "imagen": "https://www.dia.es/product_images/276978/276978_ISO_0_ES.jpg?imwidth=392"
  },
  {
    "categoria": "Limpieza facial, crema facial",
    "nombre": "Espuma limpiadora facial aloe vera y agua de hamamelis Imaqe de Dia bote 150 ml",
    "precio_unitario": "2,89 €",
    "precio_por_unidad": "(1,93 €/100 ML.)",
    "imagen": "https://www.dia.es/product_images/272026/272026_ISO_0_ES.jpg?imwidth=392"
  },
  {
    "categoria": "Limpieza facial, crema facial",
    "nombre": "Agua micelar todo en uno para todo tipo de piel Garnier bote 400 ml",
    "precio_unitario": "5,49 €",
    "precio_por_unidad": "(1,37 €/100 ML.)",
    "imagen": "https://www.dia.es/product_images/177118/177118_ISO_0_ES.jpg?imwidth=392"
  },
  {
    "categoria": "Limpieza facial, crema facial",
    "nombre": "Limpiador facial sólido exfoliante con hueso de albaricoque Imaqe de Dia caja 50 g",
    "precio_unitario": "2,99 €",
    "precio_por_unidad": "(5,98 €/100 GR.)",
    "imagen": "https://www.dia.es/product_images/271320/271320_ISO_0_ES.jpg?imwidth=392"
  },
  {
    "categoria": "Limpieza facial, crema facial",
    "nombre": "Agua micelar en aceite Garnier bote 400 ml",
    "precio_unitario": "5,49 €",
    "precio_por_unidad": "(1,37 €/100 ML.)",
    "imagen": "https://www.dia.es/product_images/223226/223226_ISO_0_ES.jpg?imwidth=392"
  },
  {
    "categoria": "Limpieza facial, crema facial",
    "nombre": "Mascarilla facial de arcilla con carbón activo Imaqe de Dia tubo 100 ml",
    "precio_unitario": "3,50 €",
    "precio_por_unidad": "(3,50 €/100 ML.)",
    "imagen": "https://www.dia.es/product_images/272033/272033_ISO_0_ES.jpg?imwidth=392"
  },
  {
    "categoria": "Limpieza facial, crema facial",
    "nombre": "Contorno de ojos pro-collagen Imaqe de Dia caja 15 ml",
    "precio_unitario": "5,00 €",
    "precio_por_unidad": "(33,33 €/100 ML.)",
    "imagen": "https://www.dia.es/product_images/272035/272035_ISO_0_ES.jpg?imwidth=392"
  },
  {
    "categoria": "Limpieza facial, crema facial",
    "nombre": "Crema antiedad de día con ácido hialurónico y péptidos Imaqe de Dia frasco 50 ml",
    "precio_unitario": "5,99 €",
    "precio_por_unidad": "(11,98 €/100 ML.)",
    "imagen": "https://www.dia.es/product_images/272041/272041_ISO_0_ES.jpg?imwidth=392"
  },
  {
    "categoria": "Limpieza facial, crema facial",
    "nombre": "Contorno de ojos natural antipolución & detox Imaqe de Dia tubo 15 ml",
    "precio_unitario": "3,90 €",
    "precio_por_unidad": "(26,00 €/100 ML.)",
    "imagen": "https://www.dia.es/product_images/272036/272036_ISO_0_ES.jpg?imwidth=392"
  },
  {
    "categoria": "Limpieza facial, crema facial",
    "nombre": "Crema de día antiarrugas spf 15 Nivea frasco 50 ml",
    "precio_unitario": "9,49 €",
    "precio_por_unidad": "(18,98 €/100 ML.)",
    "imagen": "https://www.dia.es/product_images/52646/52646_ISO_0_ES.jpg?imwidth=392"
  },
  {
    "categoria": "Limpieza facial, crema facial",
    "nombre": "Parches antiarrugas para el contorno de ojos Iroha sobre 2 unidades",
    "precio_unitario": "2,95 €",
    "precio_por_unidad": "(1,48 €/ud)",
    "imagen": "https://www.dia.es/product_images/283006/283006_ISO_0_ES.jpg?imwidth=392"
  },
  {
    "categoria": "Limpieza facial, crema facial",
    "nombre": "Desmaquillante sublime camomila Flor de mayo bote 80 g",
    "precio_unitario": "6,99 €",
    "precio_por_unidad": "(8,74 €/100 GR.)",
    "imagen": "https://www.dia.es/product_images/296817/296817_ISO_0_ES.jpg?imwidth=392"
  },
  {
    "categoria": "Limpieza facial, crema facial",
    "nombre": "Crema de día hidratante nutritiva piel seca/sensible Diadermine frasco 50 ml",
    "precio_unitario": "10,49 €",
    "precio_por_unidad": "(20,98 €/100 ML.)",
    "imagen": "https://www.dia.es/product_images/89518/89518_ISO_0_ES.jpg?imwidth=392"
  },
  {
    "categoria": "Limpieza facial, crema facial",
    "nombre": "Crema antiarrugas contorno de ojos Q10 Nivea caja 15 ml",
    "precio_unitario": "9,99 €",
    "precio_por_unidad": "(66,60 €/100 ML.)",
    "imagen": "https://www.dia.es/product_images/84313/84313_ISO_0_ES.jpg?imwidth=392"
  },
  {
    "categoria": "Limpieza facial, crema facial",
    "nombre": "Bálsamo labial reparador natural Imaqe de Dia caja 15 ml",
    "precio_unitario": "2,85 €",
    "precio_por_unidad": "(19,00 €/100 ML.)",
    "imagen": "https://www.dia.es/product_images/303684/303684_ISO_0_ES.jpg?imwidth=392"
  },
  {
    "categoria": "Limpieza facial, crema facial",
    "nombre": "Mascarilla facial rosa mosqueta tissue Iroha sobre 1 unidad",
    "precio_unitario": "2,40 €",
    "precio_por_unidad": "(2,40 €/ud)",
    "imagen": "https://www.dia.es/product_images/300615/300615_ISO_0_ES.jpg?imwidth=392"
  },
  {
    "categoria": "Limpieza facial, crema facial",
    "nombre": "Sérum facial efecto botox Babaria tubo 30 ml",
    "precio_unitario": "7,80 €",
    "precio_por_unidad": "(26,00 €/100 ML.)",
    "imagen": "https://www.dia.es/product_images/300206/300206_ISO_0_ES.jpg?imwidth=392"
  },
  {
    "categoria": "Limpieza facial, crema facial",
    "nombre": "Bálsamo labial con miel Oyess blister 4.8 g",
    "precio_unitario": "2,99 €",
    "precio_por_unidad": "(62,29 €/100 GR.)",
    "imagen": "https://www.dia.es/product_images/298118/298118_ISO_0_ES.jpg?imwidth=392"
  },
  {
    "categoria": "Limpieza facial, crema facial",
    "nombre": "Mascarilla facial after sun calmante Iroha sobre 1 unidad",
    "precio_unitario": "2,95 €",
    "precio_por_unidad": "(2,95 €/ud)",
    "imagen": "https://www.dia.es/product_images/296222/296222_ISO_0_ES.jpg?imwidth=392"
  },
  {
    "categoria": "Limpieza facial, crema facial",
    "nombre": "Discos tonificantes e hidratantes con cica y arándanos Iroha sobre 10 unidades",
    "precio_unitario": "3,95 €",
    "precio_por_unidad": "(0,40 €/ud)",
    "imagen": "https://www.dia.es/product_images/293408/293408_ISO_0_ES.jpg?imwidth=392"
  },
  {
    "categoria": "Limpieza facial, crema facial",
    "nombre": "Crema de día hidratante con aloe vera y ácido hialurónico Garnier bote 50 ml",
    "precio_unitario": "10,95 €",
    "precio_por_unidad": "(21,90 €/100 ML.)",
    "imagen": "https://www.dia.es/product_images/293344/293344_ISO_0_ES.jpg?imwidth=392"
  },
  {
    "categoria": "Limpieza facial, crema facial",
    "nombre": "Sérum hidratante con aloe + ácido hialurónico Garnier caja 30 ml",
    "precio_unitario": "13,95 €",
    "precio_por_unidad": "(46,50 €/100 ML.)",
    "imagen": "https://www.dia.es/product_images/293343/293343_ISO_0_ES.jpg?imwidth=392"
  },
  {
    "categoria": "Limpieza facial, crema facial",
    "nombre": "Serum rellenador con ácido hialurónico Nivea Cellular bote 30 ml",
    "precio_unitario": "15,99 €",
    "precio_por_unidad": "(53,30 €/100 ML.)",
    "imagen": "https://www.dia.es/product_images/290054/290054_ISO_0_ES.jpg?imwidth=392"
  },
  {
    "categoria": "Limpieza facial, crema facial",
    "nombre": "Crema facial de noche antiedad intensiva Nivea Cellular frasco 50 ml",
    "precio_unitario": "14,99 €",
    "precio_por_unidad": "(29,98 €/100 ML.)",
    "imagen": "https://www.dia.es/product_images/290051/290051_ISO_0_ES.jpg?imwidth=392"
  },
  {
    "categoria": "Limpieza facial, crema facial",
    "nombre": "Crema facial de día antiedad spf 30 Nivea Cellular frasco 50 ml",
    "precio_unitario": "15,99 €",
    "precio_por_unidad": "(31,98 €/100 ML.)",
    "imagen": "https://www.dia.es/product_images/290050/290050_ISO_0_ES.jpg?imwidth=392"
  },
  {
    "categoria": "Limpieza facial, crema facial",
    "nombre": "Crema de día vitamina C + AHA24 Olay 50 ml",
    "precio_unitario": "34,95 €",
    "precio_por_unidad": "(69,90 €/100 ML.)",
    "imagen": "https://www.dia.es/product_images/283715/283715_ISO_0_ES.jpg?imwidth=392"
  },
  {
    "categoria": "Limpieza facial, crema facial",
    "nombre": "Sérum antimanchas con vitamina c Garnier bote 30 ml",
    "precio_unitario": "13,95 €",
    "precio_por_unidad": "(46,50 €/100 ML.)",
    "imagen": "https://www.dia.es/product_images/282771/282771_ISO_0_ES.jpg?imwidth=392"
  },
  {
    "categoria": "Limpieza facial, crema facial",
    "nombre": "Crema de noche retinol24 Olay 50 ml",
    "precio_unitario": "34,99 €",
    "precio_por_unidad": "(69,98 €/100 ML.)",
    "imagen": "https://www.dia.es/product_images/278463/278463_ISO_0_ES.jpg?imwidth=392"
  },
  {
    "categoria": "Limpieza facial, crema facial",
    "nombre": "Crema de día collagen peptide 24 Olay 50 ml",
    "precio_unitario": "34,99 €",
    "precio_por_unidad": "(69,98 €/100 ML.)",
    "imagen": "https://www.dia.es/product_images/278462/278462_ISO_0_ES.jpg?imwidth=392"
  },
  {
    "categoria": "Limpieza facial, crema facial",
    "nombre": "Bruma facial natural calmante antipolución & detox Imaqe de Dia spray 100 ml",
    "precio_unitario": "3,20 €",
    "precio_por_unidad": "(3,20 €/100 ML.)",
    "imagen": "https://www.dia.es/product_images/278247/278247_ISO_0_ES.jpg?imwidth=392"
  },
  {
    "categoria": "Limpieza facial, crema facial",
    "nombre": "Sérum facial natural antipolución & detox Imaqe de Dia bote 30 ml",
    "precio_unitario": "5,90 €",
    "precio_por_unidad": "(19,67 €/100 ML.)",
    "imagen": "https://www.dia.es/product_images/278239/278239_ISO_0_ES.jpg?imwidth=392"
  },
  {
    "categoria": "Limpieza facial, crema facial",
    "nombre": "Crema facial noche con ácido hialurónico y péptidos Imaqe de Dia frasco 50 ml",
    "precio_unitario": "5,99 €",
    "precio_por_unidad": "(11,98 €/100 ML.)",
    "imagen": "https://www.dia.es/product_images/272042/272042_ISO_0_ES.jpg?imwidth=392"
  },
  {
    "categoria": "Limpieza facial, crema facial",
    "nombre": "Crema facial de noche natural antipolución & detox Imaqe de Dia frasco 50 ml",
    "precio_unitario": "5,90 €",
    "precio_por_unidad": "(11,80 €/100 ML.)",
    "imagen": "https://www.dia.es/product_images/272040/272040_ISO_0_ES.jpg?imwidth=392"
  },
  {
    "categoria": "Limpieza facial, crema facial",
    "nombre": "Crema facial de día natural antipolución & detox Imaqe de Dia frasco 50 ml",
    "precio_unitario": "4,95 €",
    "precio_por_unidad": "(9,90 €/100 ML.)",
    "imagen": "https://www.dia.es/product_images/272039/272039_ISO_0_ES.jpg?imwidth=392"
  },
  {
    "categoria": "Limpieza facial, crema facial",
    "nombre": "Serum facial pro-collagen Imaqe de Dia frasco 30 ml",
    "precio_unitario": "5,99 €",
    "precio_por_unidad": "(19,97 €/100 ML.)",
    "imagen": "https://www.dia.es/product_images/272034/272034_ISO_0_ES.jpg?imwidth=392"
  },
  {
    "categoria": "Limpieza facial, crema facial",
    "nombre": "Ampollas faciales vitamina C y ácido tranexámico Imaqe de Dia caja 7 x 2 ml",
    "precio_unitario": "4,25 €",
    "precio_por_unidad": "(30,36 €/100 ML.)",
    "imagen": "https://www.dia.es/product_images/272032/272032_ISO_0_ES.jpg?imwidth=392"
  },
  {
    "categoria": "Limpieza facial, crema facial",
    "nombre": "Mascarilla facial detox tissue Imaqe de Dia sobre 1 unidad",
    "precio_unitario": "2,09 €",
    "precio_por_unidad": "(2,09 €/ud)",
    "imagen": "https://www.dia.es/product_images/272031/272031_ISO_0_ES.jpg?imwidth=392"
  },
  {
    "categoria": "Limpieza facial, crema facial",
    "nombre": "Agua micelar natural antipolución & detox Imaqe de Dia bote 200 ml",
    "precio_unitario": "3,49 €",
    "precio_por_unidad": "(1,75 €/100 ML.)",
    "imagen": "https://www.dia.es/product_images/272028/272028_ISO_0_ES.jpg?imwidth=392"
  },
  {
    "categoria": "Limpieza facial, crema facial",
    "nombre": "Tónico facial calmante aloe vera y agua de hamamelis Imaqe de Dia bote 250 ml",
    "precio_unitario": "1,55 €",
    "precio_por_unidad": "(0,62 €/100 ML.)",
    "imagen": "https://www.dia.es/product_images/272025/272025_ISO_0_ES.jpg?imwidth=392"
  },
  {
    "categoria": "Limpieza facial, crema facial",
    "nombre": "Toallitas desmaquillantes antiedad con coenzima Imaqe de Dia bolsa 25 unidades",
    "precio_unitario": "1,19 €",
    "precio_por_unidad": "(0,05 €/ud)",
    "imagen": "https://www.dia.es/product_images/272020/272020_ISO_0_ES.jpg?imwidth=392"
  },
  {
    "categoria": "Limpieza facial, crema facial",
    "nombre": "Crema facial de día antimanchas spf 50 Nivea Cellular frasco 40 ml",
    "precio_unitario": "22,69 €",
    "precio_por_unidad": "(56,73 €/100 ML.)",
    "imagen": "https://www.dia.es/product_images/267561/267561_ISO_0_ES.jpg?imwidth=392"
  },
  {
    "categoria": "Limpieza facial, crema facial",
    "nombre": "Crema de día anti-edad botology Diadermine frasco 50 ml",
    "precio_unitario": "10,99 €",
    "precio_por_unidad": "(21,98 €/100 ML.)",
    "imagen": "https://www.dia.es/product_images/262746/262746_ISO_0_ES.jpg?imwidth=392"
  },
  {
    "categoria": "Limpieza facial, crema facial",
    "nombre": "Crema de día hyaluronic24 + vitamina B5 Olay estuche 50 ml",
    "precio_unitario": "34,99 €",
    "precio_por_unidad": "(69,98 €/100 ML.)",
    "imagen": "https://www.dia.es/product_images/255920/255920_ISO_0_ES.jpg?imwidth=392"
  },
  {
    "categoria": "Limpieza facial, crema facial",
    "nombre": "Skinsactive mascarilla black tissue efecto detox Garnier sobre 1 unidad",
    "precio_unitario": "2,99 €",
    "precio_por_unidad": "(2,99 €/ud)",
    "imagen": "https://www.dia.es/product_images/243239/243239_ISO_0_ES.jpg?imwidth=392"
  },
  {
    "categoria": "Limpieza facial, crema facial",
    "nombre": "Tiras faciales purificantes elimina puntos negros Diadermine caja 1 unidad",
    "precio_unitario": "5,99 €",
    "precio_por_unidad": "(5,99 €/ud)",
    "imagen": "https://www.dia.es/product_images/241300/241300_ISO_0_ES.jpg?imwidth=392"
  },
  {
    "categoria": "Limpieza facial, crema facial",
    "nombre": "Active mascarilla facial hydra bomb Garnier sobre 1 unidad",
    "precio_unitario": "2,99 €",
    "precio_por_unidad": "(2,99 €/ud)",
    "imagen": "https://www.dia.es/product_images/227416/227416_ISO_0_ES.jpg?imwidth=392"
  },
  {
    "categoria": "Limpieza facial, crema facial",
    "nombre": "Agua micelar piel seca Nivea bote 400 ml",
    "precio_unitario": "4,79 €",
    "precio_por_unidad": "(1,20 €/100 ML.)",
    "imagen": "https://www.dia.es/product_images/226197/226197_ISO_0_ES.jpg?imwidth=392"
  },
  {
    "categoria": "Limpieza facial, crema facial",
    "nombre": "Agua micelar piel normal Nivea bote 400 ml",
    "precio_unitario": "4,79 €",
    "precio_por_unidad": "(1,20 €/100 ML.)",
    "imagen": "https://www.dia.es/product_images/226196/226196_ISO_0_ES.jpg?imwidth=392"
  },
  {
    "categoria": "Limpieza facial, crema facial",
    "nombre": "Serum hidratante alisador antiarrugas L'Oréal frasco 30 ml",
    "precio_unitario": "10,95 €",
    "precio_por_unidad": "(36,50 €/100 ML.)",
    "imagen": "https://www.dia.es/product_images/218762/218762_ISO_0_ES.jpg?imwidth=392"
  },
  {
    "categoria": "Limpieza facial, crema facial",
    "nombre": "Crema intensiva de día antiarrugas L'Oréal frasco 50 ml",
    "precio_unitario": "6,95 €",
    "precio_por_unidad": "(13,90 €/100 ML.)",
    "imagen": "https://www.dia.es/product_images/218760/218760_ISO_0_ES.jpg?imwidth=392"
  },
  {
    "categoria": "Limpieza facial, crema facial",
    "nombre": "Crema hidratante de día antiedad con calcio L'Oréal frasco 50 ml",
    "precio_unitario": "6,95 €",
    "precio_por_unidad": "(13,90 €/100 ML.)",
    "imagen": "https://www.dia.es/product_images/218757/218757_ISO_0_ES.jpg?imwidth=392"
  },
  {
    "categoria": "Limpieza facial, crema facial",
    "nombre": "Crema de día antiarrugas spf 30 Nivea frasco 50 ml",
    "precio_unitario": "11,95 €",
    "precio_por_unidad": "(23,90 €/100 ML.)",
    "imagen": "https://www.dia.es/product_images/218239/218239_ISO_0_ES.jpg?imwidth=392"
  },
  {
    "categoria": "Limpieza facial, crema facial",
    "nombre": "Toallitas desmaquillantes tres en uno piel seca Nivea bolsa 25 unidades",
    "precio_unitario": "2,59 €",
    "precio_por_unidad": "(0,10 €/ud)",
    "imagen": "https://www.dia.es/product_images/211476/211476_ISO_0_ES.jpg?imwidth=392"
  },
  {
    "categoria": "Limpieza facial, crema facial",
    "nombre": "Crema hidratante antiarrugas 35+ L'Oréal frasco 50 ml",
    "precio_unitario": "6,95 €",
    "precio_por_unidad": "(13,90 €/100 ML.)",
    "imagen": "https://www.dia.es/product_images/193647/193647_ISO_0_ES.jpg?imwidth=392"
  },
  {
    "categoria": "Limpieza facial, crema facial",
    "nombre": "Crema de noche antiarrugas intensiva L'Oréal frasco 50 ml",
    "precio_unitario": "19,95 €",
    "precio_por_unidad": "(39,90 €/100 ML.)",
    "imagen": "https://www.dia.es/product_images/177115/177115_ISO_0_ES.jpg?imwidth=392"
  },
  {
    "categoria": "Limpieza facial, crema facial",
    "nombre": "Cuidado hidratante de día antiarrugas spf 30 L'Oréal frasco 50 ml",
    "precio_unitario": "10,95 €",
    "precio_por_unidad": "(21,90 €/100 ML.)",
    "imagen": "https://www.dia.es/product_images/170096/170096_ISO_0_ES.jpg?imwidth=392"
  },
  {
    "categoria": "Limpieza facial, crema facial",
    "nombre": "Fluido hidratante antiedad Nivea frasco 50 ml",
    "precio_unitario": "9,95 €",
    "precio_por_unidad": "(19,90 €/100 ML.)",
    "imagen": "https://www.dia.es/product_images/167019/167019_ISO_0_ES.jpg?imwidth=392"
  },
  {
    "categoria": "Limpieza facial, crema facial",
    "nombre": "Crema de noche regeneradora antiedad Nivea frasco 50 ml",
    "precio_unitario": "12,35 €",
    "precio_por_unidad": "(24,70 €/100 ML.)",
    "imagen": "https://www.dia.es/product_images/167018/167018_ISO_0_ES.jpg?imwidth=392"
  },
  {
    "categoria": "Limpieza facial, crema facial",
    "nombre": "Crema facial hidratante y calmante con agua de rosas Garnier frasco 50 ml",
    "precio_unitario": "6,95 €",
    "precio_por_unidad": "(13,90 €/100 ML.)",
    "imagen": "https://www.dia.es/product_images/164626/164626_ISO_0_ES.jpg?imwidth=392"
  },
  {
    "categoria": "Limpieza facial, crema facial",
    "nombre": "Crema facial de noche plus antiarrugas Nivea frasco 50 ml",
    "precio_unitario": "9,49 €",
    "precio_por_unidad": "(18,98 €/100 ML.)",
    "imagen": "https://www.dia.es/product_images/160766/160766_ISO_0_ES.jpg?imwidth=392"
  },
  {
    "categoria": "Limpieza facial, crema facial",
    "nombre": "Mascarilla suave antiarrugas Nivea sobre 15 ml",
    "precio_unitario": "1,99 €",
    "precio_por_unidad": "(13,27 €/100 ML.)",
    "imagen": "https://www.dia.es/product_images/158936/158936_ISO_0_ES.jpg?imwidth=392"
  },
  {
    "categoria": "Limpieza facial, crema facial",
    "nombre": "Crema de día triple acción antiedad L'Oréal frasco 50 ml",
    "precio_unitario": "19,95 €",
    "precio_por_unidad": "(39,90 €/100 ML.)",
    "imagen": "https://www.dia.es/product_images/155687/155687_ISO_0_ES.jpg?imwidth=392"
  },
  {
    "categoria": "Limpieza facial, crema facial",
    "nombre": "Crema facial vital Men Expert frasco 50 ml",
    "precio_unitario": "9,95 €",
    "precio_por_unidad": "(19,90 €/100 ML.)",
    "imagen": "https://www.dia.es/product_images/155214/155214_ISO_0_ES.jpg?imwidth=392"
  },
  {
    "categoria": "Limpieza facial, crema facial",
    "nombre": "Desmaquillador de ojos doble acción Nivea bote 125 ml",
    "precio_unitario": "5,49 €",
    "precio_por_unidad": "(4,39 €/100 ML.)",
    "imagen": "https://www.dia.es/product_images/154694/154694_ISO_0_ES.jpg?imwidth=392"
  },
  {
    "categoria": "Limpieza facial, crema facial",
    "nombre": "Crema tres en uno purificante exfoliante y matificante Garnier tubo 150 ml",
    "precio_unitario": "5,99 €",
    "precio_por_unidad": "(3,99 €/100 ML.)",
    "imagen": "https://www.dia.es/product_images/153644/153644_ISO_0_ES.jpg?imwidth=392"
  },
  {
    "categoria": "Limpieza facial, crema facial",
    "nombre": "Crema Regenerist anti-edad intensiva Olay 50 ml",
    "precio_unitario": "29,99 €",
    "precio_por_unidad": "(59,98 €/100 ML.)",
    "imagen": "https://www.dia.es/product_images/153642/153642_ISO_0_ES.jpg?imwidth=392"
  },
  {
    "categoria": "Limpieza facial, crema facial",
    "nombre": "Crema hidratante protector Nivea caja 75 ml",
    "precio_unitario": "8,65 €",
    "precio_por_unidad": "(11,53 €/100 ML.)",
    "imagen": "https://www.dia.es/product_images/152288/152288_ISO_0_ES.jpg?imwidth=392"
  },
  {
    "categoria": "Limpieza facial, crema facial",
    "nombre": "Crema hidratante día pieles maduras L'Oréal frasco 50 ml",
    "precio_unitario": "9,95 €",
    "precio_por_unidad": "(19,90 €/100 ML.)",
    "imagen": "https://www.dia.es/product_images/152052/152052_ISO_0_ES.jpg?imwidth=392"
  },
  {
    "categoria": "Limpieza facial, crema facial",
    "nombre": "Crema hidratante noche pieles maduras L'Oréal frasco 50 ml",
    "precio_unitario": "9,99 €",
    "precio_por_unidad": "(19,98 €/100 ML.)",
    "imagen": "https://www.dia.es/product_images/152051/152051_ISO_0_ES.jpg?imwidth=392"
  },
  {
    "categoria": "Limpieza facial, crema facial",
    "nombre": "Tónico limpiador suave todo tipo de piel Diadermine bote 200 ml",
    "precio_unitario": "5,49 €",
    "precio_por_unidad": "(2,75 €/100 ML.)",
    "imagen": "https://www.dia.es/product_images/151614/151614_ISO_0_ES.jpg?imwidth=392"
  },
  {
    "categoria": "Limpieza facial, crema facial",
    "nombre": "Leche limpiadora suave todo tipo de piel Diadermine bote 200 ml",
    "precio_unitario": "5,49 €",
    "precio_por_unidad": "(2,75 €/100 ML.)",
    "imagen": "https://www.dia.es/product_images/151613/151613_ISO_0_ES.jpg?imwidth=392"
  },
  {
    "categoria": "Limpieza facial, crema facial",
    "nombre": "Toallitas desmaquillantes hidratantes pieles Diadermine bolsa 25 unidades",
    "precio_unitario": "2,99 €",
    "precio_por_unidad": "(0,12 €/ud)",
    "imagen": "https://www.dia.es/product_images/151557/151557_ISO_0_ES.jpg?imwidth=392"
  },
  {
    "categoria": "Limpieza facial, crema facial",
    "nombre": "Desmaquillador ojos Garnier bote 125 ml",
    "precio_unitario": "4,29 €",
    "precio_por_unidad": "(3,43 €/100 ML.)",
    "imagen": "https://www.dia.es/product_images/146004/146004_ISO_0_ES.jpg?imwidth=392"
  },
  {
    "categoria": "Limpieza facial, crema facial",
    "nombre": "Clásica hidratante diario tono medio Garnier tubo 50 ml",
    "precio_unitario": "9,99 €",
    "precio_por_unidad": "(19,98 €/100 ML.)",
    "imagen": "https://www.dia.es/product_images/142530/142530_ISO_0_ES.jpg?imwidth=392"
  },
  {
    "categoria": "Limpieza facial, crema facial",
    "nombre": "Crema de noche antiarrugas + firmeza L'Oréal frasco 50 ml",
    "precio_unitario": "10,95 €",
    "precio_por_unidad": "(21,90 €/100 ML.)",
    "imagen": "https://www.dia.es/product_images/125918/125918_ISO_0_ES.jpg?imwidth=392"
  },
  {
    "categoria": "Limpieza facial, crema facial",
    "nombre": "Gel limpiador facial diario antiespinillas Clean & Clear tubo 150 ml",
    "precio_unitario": "8,79 €",
    "precio_por_unidad": "(5,86 €/100 ML.)",
    "imagen": "https://www.dia.es/product_images/107850/107850_ISO_0_ES.jpg?imwidth=392"
  },
  {
    "categoria": "Afeitado",
    "nombre": "Espuma de afeitar Imaqe de Dia bote 250 ml",
    "precio_unitario": "1,95 €",
    "precio_por_unidad": "(0,78 €/100 ML.)",
    "imagen": "https://www.dia.es/product_images/297415/297415_ISO_0_ES.jpg?imwidth=392"
  },
  {
    "categoria": "Afeitado",
    "nombre": "Maquinilla de afeitar 2 hojas Imaqe de Dia bolsa 20 unidades",
    "precio_unitario": "2,65 €",
    "precio_por_unidad": "(0,13 €/ud)",
    "imagen": "https://www.dia.es/product_images/289937/289937_ISO_0_ES.jpg?imwidth=392"
  },
  {
    "categoria": "Afeitado",
    "nombre": "Gel de afeitar Imaqe de Dia bote 200 ml",
    "precio_unitario": "1,95 €",
    "precio_por_unidad": "(0,98 €/100 ML.)",
    "imagen": "https://www.dia.es/product_images/297414/297414_ISO_0_ES.jpg?imwidth=392"
  },
  {
    "categoria": "Afeitado",
    "nombre": "Gel de afeitar clásico piel sensible Gillette spray 200 ml",
    "precio_unitario": "3,29 €",
    "precio_por_unidad": "(1,65 €/100 ML.)",
    "imagen": "https://www.dia.es/product_images/16248/16248_ISO_0_ES.jpg?imwidth=392"
  },
  {
    "categoria": "Afeitado",
    "nombre": "Maquinilla de afeitar desechable Gillette Blue II bolsa 12 unidades",
    "precio_unitario": "5,99 €",
    "precio_por_unidad": "(0,50 €/ud)",
    "imagen": "https://www.dia.es/product_images/284680/284680_ISO_0_ES.jpg?imwidth=392"
  },
  {
    "categoria": "Afeitado",
    "nombre": "Maquinilla de afeitar 3 hojas Imaqe de Dia bolsa 4 unidades",
    "precio_unitario": "2,55 €",
    "precio_por_unidad": "(0,64 €/ud)",
    "imagen": "https://www.dia.es/product_images/289856/289856_ISO_0_ES.jpg?imwidth=392"
  },
  {
    "categoria": "Afeitado",
    "nombre": "Bálsamo after shave Imaqe de Dia frasco 100 ml",
    "precio_unitario": "1,60 €",
    "precio_por_unidad": "(1,60 €/100 ML.)",
    "imagen": "https://www.dia.es/product_images/296243/296243_ISO_0_ES.jpg?imwidth=392"
  },
  {
    "categoria": "Afeitado",
    "nombre": "Maquinilla de afeitar 2 hojas Imaqe de Dia bolsa 10 unidades",
    "precio_unitario": "2,15 €",
    "precio_por_unidad": "(0,22 €/ud)",
    "imagen": "https://www.dia.es/product_images/289694/289694_ISO_0_ES.jpg?imwidth=392"
  },
  {
    "categoria": "Afeitado",
    "nombre": "Bálsamo after shave Nivea frasco 100 ml",
    "precio_unitario": "5,95 €",
    "precio_por_unidad": "(5,95 €/100 ML.)",
    "imagen": "https://www.dia.es/product_images/124014/124014_ISO_0_ES.jpg?imwidth=392"
  },
  {
    "categoria": "Afeitado",
    "nombre": "Loción after shave Imaqe de Dia frasco 100 ml",
    "precio_unitario": "1,95 €",
    "precio_por_unidad": "(1,95 €/100 ML.)",
    "imagen": "https://www.dia.es/product_images/296244/296244_ISO_0_ES.jpg?imwidth=392"
  },
  {
    "categoria": "Afeitado",
    "nombre": "Maquinilla de afeitar desechable Gillette blister 4 unidades",
    "precio_unitario": "5,79 €",
    "precio_por_unidad": "(1,45 €/ud)",
    "imagen": "https://www.dia.es/product_images/284681/284681_ISO_0_ES.jpg?imwidth=392"
  },
  {
    "categoria": "Afeitado",
    "nombre": "Maquinilla de afeitar recargable 5 hojas Imaqe de Dia caja 1 unidad",
    "precio_unitario": "5,70 €",
    "precio_por_unidad": "(5,70 €/ud)",
    "imagen": "https://www.dia.es/product_images/289859/289859_ISO_0_ES.jpg?imwidth=392"
  },
  {
    "categoria": "Afeitado",
    "nombre": "Recambios maquinilla de afeitar 5 hojas Imaqe de Dia caja 4 unidades",
    "precio_unitario": "5,55 €",
    "precio_por_unidad": "(1,39 €/ud)",
    "imagen": "https://www.dia.es/product_images/289857/289857_ISO_0_ES.jpg?imwidth=392"
  },
  {
    "categoria": "Afeitado",
    "nombre": "Maquinilla de afeitar + 2 recambios Gillette Mach3 caja 1 unidad",
    "precio_unitario": "10,99 €",
    "precio_por_unidad": "(10,99 €/ud)",
    "imagen": "https://www.dia.es/product_images/271809/271809_ISO_0_ES.jpg?imwidth=392"
  },
  {
    "categoria": "Afeitado",
    "nombre": "Espuma de afeitar pieles sensibles La toja spray 300 ml",
    "precio_unitario": "2,99 €",
    "precio_por_unidad": "(1,00 €/100 ML.)",
    "imagen": "https://www.dia.es/product_images/82323/82323_ISO_0_ES.jpg?imwidth=392"
  },
  {
    "categoria": "Afeitado",
    "nombre": "Maquinilla de afeitar recambio Gillette Labs blíster 3 unidades",
    "precio_unitario": "18,99 €",
    "precio_por_unidad": "(6,33 €/ud)",
    "imagen": "https://www.dia.es/product_images/290065/290065_ISO_0_ES.jpg?imwidth=392"
  },
  {
    "categoria": "Afeitado",
    "nombre": "Maquinilla desechable Wilkinson bolsa 15 unidades",
    "precio_unitario": "6,79 €",
    "precio_por_unidad": "(0,45 €/ud)",
    "imagen": "https://www.dia.es/product_images/185493/185493_ISO_0_ES.jpg?imwidth=392"
  },
  {
    "categoria": "Afeitado",
    "nombre": "Maquinilla de afeitar recambio Gillette Proglide Fusion blister 3 unidades",
    "precio_unitario": "16,99 €",
    "precio_por_unidad": "(5,66 €/ud)",
    "imagen": "https://www.dia.es/product_images/271800/271800_ISO_0_ES.jpg?imwidth=392"
  },
  {
    "categoria": "Afeitado",
    "nombre": "Espuma de afeitar clásica Gillette spray 200 ml",
    "precio_unitario": "2,99 €",
    "precio_por_unidad": "(1,50 €/100 ML.)",
    "imagen": "https://www.dia.es/product_images/283650/283650_ISO_0_ES.jpg?imwidth=392"
  },
  {
    "categoria": "Afeitado",
    "nombre": "Recambios hojas de afeitar 2 filos Imaqe de Dia blister 10 unidades",
    "precio_unitario": "1,79 €",
    "precio_por_unidad": "(0,18 €/ud)",
    "imagen": "https://www.dia.es/product_images/289858/289858_ISO_0_ES.jpg?imwidth=392"
  },
  {
    "categoria": "Afeitado",
    "nombre": "Maquinilla de afeitar Gillette Labs 1 unidad + estuche de viaje",
    "precio_unitario": "19,99 €",
    "precio_por_unidad": "(19,99 €/ud)",
    "imagen": "https://www.dia.es/product_images/289655/289655_ISO_0_ES.jpg?imwidth=392"
  },
  {
    "categoria": "Afeitado",
    "nombre": "Maquinilla de afeitar Gillette Proglide Fusion blister 1 unidad",
    "precio_unitario": "13,99 €",
    "precio_por_unidad": "(13,99 €/ud)",
    "imagen": "https://www.dia.es/product_images/284423/284423_ISO_0_ES.jpg?imwidth=392"
  },
  {
    "categoria": "Afeitado",
    "nombre": "Maquinilla desechable Wilkinson bolsa 16 unidades",
    "precio_unitario": "11,50 €",
    "precio_por_unidad": "(0,72 €/ud)",
    "imagen": "https://www.dia.es/product_images/233782/233782_ISO_0_ES.jpg?imwidth=392"
  },
  {
    "categoria": "Afeitado",
    "nombre": "Maquinilla desechable Wilkinson blister 6 unidades",
    "precio_unitario": "6,19 €",
    "precio_por_unidad": "(1,03 €/ud)",
    "imagen": "https://www.dia.es/product_images/103665/103665_ISO_0_ES.jpg?imwidth=392"
  },
  {
    "categoria": "Cuidado bucal",
    "nombre": "Pasta de dientes Colgate Triple Action tubo 75 ml",
    "precio_unitario": "1,99 €",
    "precio_por_unidad": "(2,65 €/100 ML.)",
    "imagen": "https://www.dia.es/product_images/7407/7407_ISO_0_ES.jpg?imwidth=392"
  },
  {
    "categoria": "Cuidado bucal",
    "nombre": "Pasta de dientes protección completa Original Colgate Total tubo 75 ml",
    "precio_unitario": "2,89 €",
    "precio_por_unidad": "(3,85 €/100 ML.)",
    "imagen": "https://www.dia.es/product_images/254483/254483_ISO_0_ES.jpg?imwidth=392"
  },
  {
    "categoria": "Cuidado bucal",
    "nombre": "Pasta de dientes blanqueadora Colgate Max White tubo 75 ml",
    "precio_unitario": "2,59 €",
    "precio_por_unidad": "(3,45 €/100 ML.)",
    "imagen": "https://www.dia.es/product_images/38244/38244_ISO_0_ES.jpg?imwidth=392"
  },
  {
    "categoria": "Cuidado bucal",
    "nombre": "Enjuague bucal zero alcohol Imaqe de Dia bote 500 ml",
    "precio_unitario": "1,00 €",
    "precio_por_unidad": "(0,20 €/100 ML.)",
    "imagen": "https://www.dia.es/product_images/284062/284062_ISO_0_ES.jpg?imwidth=392"
  },
  {
    "categoria": "Cuidado bucal",
    "nombre": "Cepillo de dientes medio Imaqe de Dia blister 3 unidades",
    "precio_unitario": "1,00 €",
    "precio_por_unidad": "(0,33 €/ud)",
    "imagen": "https://www.dia.es/product_images/295767/295767_ISO_0_ES.jpg?imwidth=392"
  },
  {
    "categoria": "Cuidado bucal",
    "nombre": "Enjuague bucal acción total Imaqe de Dia bote 500 ml",
    "precio_unitario": "1,00 €",
    "precio_por_unidad": "(0,20 €/100 ML.)",
    "imagen": "https://www.dia.es/product_images/284059/284059_ISO_0_ES.jpg?imwidth=392"
  },
  {
    "categoria": "Cuidado bucal",
    "nombre": "Pasta de dientes protección total Imaqe de Dia tubo 75 ml",
    "precio_unitario": "1,35 €",
    "precio_por_unidad": "(1,80 €/100 ML.)",
    "imagen": "https://www.dia.es/product_images/294279/294279_ISO_0_ES.jpg?imwidth=392"
  },
  {
    "categoria": "Cuidado bucal",
    "nombre": "Pasta de dientes complete con enjuague bucal Oral-B tubo 75 ml",
    "precio_unitario": "1,99 €",
    "precio_por_unidad": "(2,65 €/100 ML.)",
    "imagen": "https://www.dia.es/product_images/149983/149983_ISO_0_ES.jpg?imwidth=392"
  },
  {
    "categoria": "Cuidado bucal",
    "nombre": "Enjuague bucal protección dientes y encías Imaqe de Dia botella 500 ml",
    "precio_unitario": "1,35 €",
    "precio_por_unidad": "(0,27 €/100 ML.)",
    "imagen": "https://www.dia.es/product_images/284058/284058_ISO_0_ES.jpg?imwidth=392"
  },
  {
    "categoria": "Cuidado bucal",
    "nombre": "Pasta de dientes blanqueadora bicarbonato Signal tubo 100 ml",
    "precio_unitario": "1,75 €",
    "precio_por_unidad": "(1,75 €/100 ML.)",
    "imagen": "https://www.dia.es/product_images/76063/76063_ISO_0_ES.jpg?imwidth=392"
  },
  {
    "categoria": "Cuidado bucal",
    "nombre": "Cepillo de dientes suave Imaqe de Dia blister 3 unidades",
    "precio_unitario": "1,00 €",
    "precio_por_unidad": "(0,33 €/ud)",
    "imagen": "https://www.dia.es/product_images/295769/295769_ISO_0_ES.jpg?imwidth=392"
  },
  {
    "categoria": "Cuidado bucal",
    "nombre": "Pasta de dientes ultra fresh Imaqe de Dia tubo 75 ml",
    "precio_unitario": "1,20 €",
    "precio_por_unidad": "(1,60 €/100 ML.)",
    "imagen": "https://www.dia.es/product_images/294280/294280_ISO_0_ES.jpg?imwidth=392"
  },
  {
    "categoria": "Cuidado bucal",
    "nombre": "Pasta de dientes Colgate Maximum Caries Protection tubo 75 ml",
    "precio_unitario": "1,99 €",
    "precio_por_unidad": "(2,65 €/100 ML.)",
    "imagen": "https://www.dia.es/product_images/7406/7406_ISO_0_ES.jpg?imwidth=392"
  },
  {
    "categoria": "Cuidado bucal",
    "nombre": "Tabletas limpiadoras para prótesis dental Senti2 caja 30 unidades",
    "precio_unitario": "2,45 €",
    "precio_por_unidad": "(0,08 €/ud)",
    "imagen": "https://www.dia.es/product_images/249622/249622_ISO_0_ES.jpg?imwidth=392"
  },
  {
    "categoria": "Cuidado bucal",
    "nombre": "Pasta de dientes blanqueante Imaqe de Dia tubo 75 ml",
    "precio_unitario": "1,55 €",
    "precio_por_unidad": "(2,07 €/100 ML.)",
    "imagen": "https://www.dia.es/product_images/294278/294278_ISO_0_ES.jpg?imwidth=392"
  },
  {
    "categoria": "Cuidado bucal",
    "nombre": "Pasta de dientes blanqueante Sensodyne tubo 75 ml",
    "precio_unitario": "3,85 €",
    "precio_por_unidad": "(5,13 €/100 ML.)",
    "imagen": "https://www.dia.es/product_images/87363/87363_ISO_0_ES.jpg?imwidth=392"
  },
  {
    "categoria": "Cuidado bucal",
    "nombre": "Cepillos interdentales extrafinos Imaqe de Dia blister 6 unidades",
    "precio_unitario": "1,50 €",
    "precio_por_unidad": "(0,25 €/ud)",
    "imagen": "https://www.dia.es/product_images/295779/295779_ISO_0_ES.jpg?imwidth=392"
  },
  {
    "categoria": "Cuidado bucal",
    "nombre": "Enjuague bucal blanqueador Imaqe de Dia bote 500 ml",
    "precio_unitario": "1,50 €",
    "precio_por_unidad": "(0,30 €/100 ML.)",
    "imagen": "https://www.dia.es/product_images/284060/284060_ISO_0_ES.jpg?imwidth=392"
  },
  {
    "categoria": "Cuidado bucal",
    "nombre": "Hilo dental con cera sabor menta Imaqe de Dia blister 1 unidad",
    "precio_unitario": "1,20 €",
    "precio_por_unidad": "(1,20 €/ud)",
    "imagen": "https://www.dia.es/product_images/295777/295777_ISO_0_ES.jpg?imwidth=392"
  },
  {
    "categoria": "Cuidado bucal",
    "nombre": "Cepillo de dientes Extra Clean Colgate blister 4 unidades",
    "precio_unitario": "2,99 €",
    "precio_por_unidad": "(0,75 €/ud)",
    "imagen": "https://www.dia.es/product_images/76715/76715_ISO_0_ES.jpg?imwidth=392"
  },
  {
    "categoria": "Cuidado bucal",
    "nombre": "Cepillo de dientes Oral-B blister 1 unidad",
    "precio_unitario": "2,89 €",
    "precio_por_unidad": "(2,89 €/ud)",
    "imagen": "https://www.dia.es/product_images/88579/88579_ISO_0_ES.jpg?imwidth=392"
  },
  {
    "categoria": "Cuidado bucal",
    "nombre": "Pasta de dientes refrescante Colgate Max Fresh tubo 75 ml",
    "precio_unitario": "2,59 €",
    "precio_por_unidad": "(3,45 €/100 ML.)",
    "imagen": "https://www.dia.es/product_images/87420/87420_ISO_0_ES.jpg?imwidth=392"
  },
  {
    "categoria": "Cuidado bucal",
    "nombre": "Enjuague bucal mentol Listerine botella 500 ml",
    "precio_unitario": "5,10 €",
    "precio_por_unidad": "(1,02 €/100 ML.)",
    "imagen": "https://www.dia.es/product_images/85737/85737_ISO_0_ES.jpg?imwidth=392"
  },
  {
    "categoria": "Cuidado bucal",
    "nombre": "Cepillo de dientes 360 limpieza profunda Colgate blister 1 unidad",
    "precio_unitario": "2,88 €",
    "precio_por_unidad": "(2,88 €/ud)",
    "imagen": "https://www.dia.es/product_images/78565/78565_ISO_0_ES.jpg?imwidth=392"
  },
  {
    "categoria": "Cuidado bucal",
    "nombre": "Pasta de dientes Fresh Gel Colgate tubo 75 ml",
    "precio_unitario": "2,10 €",
    "precio_por_unidad": "(2,80 €/100 ML.)",
    "imagen": "https://www.dia.es/product_images/724/724_ISO_0_ES.jpg?imwidth=392"
  },
  {
    "categoria": "Cuidado bucal",
    "nombre": "Cepillo de dientes limpieza profunda medio Zig Zag Colgate blister 3 unidades",
    "precio_unitario": "3,00 €",
    "precio_por_unidad": "(1,00 €/ud)",
    "imagen": "https://www.dia.es/product_images/60518/60518_ISO_0_ES.jpg?imwidth=392"
  },
  {
    "categoria": "Cuidado bucal",
    "nombre": "Pasta de dientes protección diaria Sensodyne tubo 75 ml",
    "precio_unitario": "3,85 €",
    "precio_por_unidad": "(5,13 €/100 ML.)",
    "imagen": "https://www.dia.es/product_images/59167/59167_ISO_0_ES.jpg?imwidth=392"
  },
  {
    "categoria": "Cuidado bucal",
    "nombre": "Crema fijadora para prótesis dental Polident tubo 44 g",
    "precio_unitario": "4,95 €",
    "precio_por_unidad": "(12,38 €/100 GR.)",
    "imagen": "https://www.dia.es/product_images/58349/58349_ISO_0_ES.jpg?imwidth=392"
  },
  {
    "categoria": "Cuidado bucal",
    "nombre": "Pasta de dientes clorofila Licor del Polo tubo 75 ml",
    "precio_unitario": "1,89 €",
    "precio_por_unidad": "(2,52 €/100 ML.)",
    "imagen": "https://www.dia.es/product_images/56052/56052_ISO_0_ES.jpg?imwidth=392"
  },
  {
    "categoria": "Cuidado bucal",
    "nombre": "Enjuague bucal cuidado total Listerine botella 500 ml",
    "precio_unitario": "5,10 €",
    "precio_por_unidad": "(1,02 €/100 ML.)",
    "imagen": "https://www.dia.es/product_images/52036/52036_ISO_0_ES.jpg?imwidth=392"
  },
  {
    "categoria": "Cuidado bucal",
    "nombre": "Pasta de dientes eucalipto Colgate Herbal tubo 75 ml",
    "precio_unitario": "2,10 €",
    "precio_por_unidad": "(2,80 €/100 ML.)",
    "imagen": "https://www.dia.es/product_images/40300/40300_ISO_0_ES.jpg?imwidth=392"
  },
  {
    "categoria": "Cuidado bucal",
    "nombre": "Pasta de dientes anti-placa Colgate Total tubo 75 ml",
    "precio_unitario": "2,85 €",
    "precio_por_unidad": "(3,80 €/100 ML.)",
    "imagen": "https://www.dia.es/product_images/303441/303441_ISO_0_ES.jpg?imwidth=392"
  },
  {
    "categoria": "Cuidado bucal",
    "nombre": "Crema fijadora para prótesis dental Polident tubo 77 g",
    "precio_unitario": "8,40 €",
    "precio_por_unidad": "(10,91 €/100 GR.)",
    "imagen": "https://www.dia.es/product_images/302658/302658_ISO_0_ES.jpg?imwidth=392"
  },
  {
    "categoria": "Cuidado bucal",
    "nombre": "Pasta de dientes active fresh Aquafresh tubo 125 ml",
    "precio_unitario": "2,59 €",
    "precio_por_unidad": "(2,07 €/100 ML.)",
    "imagen": "https://www.dia.es/product_images/297438/297438_ISO_0_ES.jpg?imwidth=392"
  },
  {
    "categoria": "Cuidado bucal",
    "nombre": "Pasta de dientes active white Aquafresh tubo 125 ml",
    "precio_unitario": "2,59 €",
    "precio_por_unidad": "(2,07 €/100 ML.)",
    "imagen": "https://www.dia.es/product_images/297437/297437_ISO_0_ES.jpg?imwidth=392"
  },
  {
    "categoria": "Cuidado bucal",
    "nombre": "Pasta de dientes integral 8 interdental Signal tubo 75 ml",
    "precio_unitario": "2,29 €",
    "precio_por_unidad": "(3,05 €/100 ML.)",
    "imagen": "https://www.dia.es/product_images/297010/297010_ISO_0_ES.jpg?imwidth=392"
  },
  {
    "categoria": "Cuidado bucal",
    "nombre": "Recambio cepillo de dientes cross action Oral-B Pro blister 2 unidades",
    "precio_unitario": "13,99 €",
    "precio_por_unidad": "(7,00 €/ud)",
    "imagen": "https://www.dia.es/product_images/296911/296911_ISO_0_ES.jpg?imwidth=392"
  },
  {
    "categoria": "Cuidado bucal",
    "nombre": "Cabezal de recambio para epillo de dientes pro precision clean Oral-B blister 4 unidades",
    "precio_unitario": "17,99 €",
    "precio_por_unidad": "(4,50 €/ud)",
    "imagen": "https://www.dia.es/product_images/296910/296910_ISO_0_ES.jpg?imwidth=392"
  },
  {
    "categoria": "Cuidado bucal",
    "nombre": "Recambio cabezal precisión para cepillo de dientes Oral-B blister 2 unidades",
    "precio_unitario": "9,45 €",
    "precio_por_unidad": "(4,73 €/ud)",
    "imagen": "https://www.dia.es/product_images/296909/296909_ISO_0_ES.jpg?imwidth=392"
  },
  {
    "categoria": "Cuidado bucal",
    "nombre": "Pasta de dientes integral 8 complet Signal tubo 75 ml",
    "precio_unitario": "2,29 €",
    "precio_por_unidad": "(3,05 €/100 ML.)",
    "imagen": "https://www.dia.es/product_images/295806/295806_ISO_0_ES.jpg?imwidth=392"
  },
  {
    "categoria": "Cuidado bucal",
    "nombre": "Recambios para cepillo de dientes eléctrico Imaqe de Dia blister 2 unidades",
    "precio_unitario": "2,99 €",
    "precio_por_unidad": "(1,50 €/ud)",
    "imagen": "https://www.dia.es/product_images/295781/295781_ISO_0_ES.jpg?imwidth=392"
  },
  {
    "categoria": "Cuidado bucal",
    "nombre": "Arcos dentales sabor menta Imaqe de Dia caja 30 unidades",
    "precio_unitario": "0,90 €",
    "precio_por_unidad": "(0,03 €/ud)",
    "imagen": "https://www.dia.es/product_images/295780/295780_ISO_0_ES.jpg?imwidth=392"
  },
  {
    "categoria": "Cuidado bucal",
    "nombre": "Cepillos interdentales finos Imaqe de Dia blister 6 unidades",
    "precio_unitario": "1,50 €",
    "precio_por_unidad": "(0,25 €/ud)",
    "imagen": "https://www.dia.es/product_images/295778/295778_ISO_0_ES.jpg?imwidth=392"
  },
  {
    "categoria": "Cuidado bucal",
    "nombre": "Cepillo de dientes plegable de viaje Imaqe de Dia blister 1 unidad",
    "precio_unitario": "1,10 €",
    "precio_por_unidad": "(1,10 €/ud)",
    "imagen": "https://www.dia.es/product_images/295776/295776_ISO_0_ES.jpg?imwidth=392"
  },
  {
    "categoria": "Cuidado bucal",
    "nombre": "Cepillo de dientes infantil 3-6 años Planeta Bebé de Dia blister 1 unidad",
    "precio_unitario": "0,99 €",
    "precio_por_unidad": "(0,99 €/ud)",
    "imagen": "https://www.dia.es/product_images/295775/295775_ISO_0_ES.jpg?imwidth=392"
  },
  {
    "categoria": "Cuidado bucal",
    "nombre": "Cepillo de dientes suave niños + 6 años Planeta Junior de Dia blister 1 unidad",
    "precio_unitario": "0,90 €",
    "precio_por_unidad": "(0,90 €/ud)",
    "imagen": "https://www.dia.es/product_images/295774/295774_ISO_0_ES.jpg?imwidth=392"
  },
  {
    "categoria": "Cuidado bucal",
    "nombre": "Cepillo de dientes sensitive Imaqe de Dia blister 1 unidad",
    "precio_unitario": "1,30 €",
    "precio_por_unidad": "(1,30 €/ud)",
    "imagen": "https://www.dia.es/product_images/295773/295773_ISO_0_ES.jpg?imwidth=392"
  },
  {
    "categoria": "Cuidado bucal",
    "nombre": "Cepillo de dientes avanzado medio Imaqe de Dia blister 1 unidad",
    "precio_unitario": "2,30 €",
    "precio_por_unidad": "(2,30 €/ud)",
    "imagen": "https://www.dia.es/product_images/295772/295772_ISO_0_ES.jpg?imwidth=392"
  },
  {
    "categoria": "Cuidado bucal",
    "nombre": "Cepillo de dientes x-action medio Imaqe de Dia blister 2 unidades",
    "precio_unitario": "1,30 €",
    "precio_por_unidad": "(0,65 €/ud)",
    "imagen": "https://www.dia.es/product_images/295771/295771_ISO_0_ES.jpg?imwidth=392"
  },
  {
    "categoria": "Cuidado bucal",
    "nombre": "Cepillo de dientes x-action suave Imaqe de Dia blister 2 unidades",
    "precio_unitario": "1,30 €",
    "precio_por_unidad": "(0,65 €/ud)",
    "imagen": "https://www.dia.es/product_images/295770/295770_ISO_0_ES.jpg?imwidth=392"
  },
  {
    "categoria": "Cuidado bucal",
    "nombre": "Cepillo de dientes duro Imaqe de Dia blister 3 unidades",
    "precio_unitario": "1,00 €",
    "precio_por_unidad": "(0,33 €/ud)",
    "imagen": "https://www.dia.es/product_images/295768/295768_ISO_0_ES.jpg?imwidth=392"
  },
  {
    "categoria": "Cuidado bucal",
    "nombre": "Kit dental express mini Pierrot estuche 1 unidad",
    "precio_unitario": "3,95 €",
    "precio_por_unidad": "(3,95 €/ud)",
    "imagen": "https://www.dia.es/product_images/295348/295348_ISO_0_ES.jpg?imwidth=392"
  },
  {
    "categoria": "Cuidado bucal",
    "nombre": "Pasta de dientes menta fresca Parodontax tubo 75 ml",
    "precio_unitario": "4,95 €",
    "precio_por_unidad": "(6,60 €/100 ML.)",
    "imagen": "https://www.dia.es/product_images/295347/295347_ISO_0_ES.jpg?imwidth=392"
  },
  {
    "categoria": "Cuidado bucal",
    "nombre": "Cepillo de dientes medio Colgate Total blister 1 + 1 unidad",
    "precio_unitario": "3,18 €",
    "precio_por_unidad": "(3,18 €/ud)",
    "imagen": "https://www.dia.es/product_images/294787/294787_ISO_0_ES.jpg?imwidth=392"
  },
  {
    "categoria": "Cuidado bucal",
    "nombre": "Pasta de dientes para niños menta suave Planeta Junior de Dia tubo 75 ml",
    "precio_unitario": "1,45 €",
    "precio_por_unidad": "(1,93 €/100 ML.)",
    "imagen": "https://www.dia.es/product_images/294317/294317_ISO_0_ES.jpg?imwidth=392"
  },
  {
    "categoria": "Cuidado bucal",
    "nombre": "Pasta de dientes para niños + 2 años Planeta Bebé de Dia tubo 75 ml",
    "precio_unitario": "1,45 €",
    "precio_por_unidad": "(1,93 €/100 ML.)",
    "imagen": "https://www.dia.es/product_images/294316/294316_ISO_0_ES.jpg?imwidth=392"
  },
  {
    "categoria": "Cuidado bucal",
    "nombre": "Pasta de dientes herbal Imaqe de Dia tubo 75 ml",
    "precio_unitario": "1,30 €",
    "precio_por_unidad": "(1,73 €/100 ML.)",
    "imagen": "https://www.dia.es/product_images/294282/294282_ISO_0_ES.jpg?imwidth=392"
  },
  {
    "categoria": "Cuidado bucal",
    "nombre": "Pasta de dientes sensitive Imaqe de Dia tubo 75 ml",
    "precio_unitario": "1,95 €",
    "precio_por_unidad": "(2,60 €/100 ML.)",
    "imagen": "https://www.dia.es/product_images/294281/294281_ISO_0_ES.jpg?imwidth=392"
  },
  {
    "categoria": "Cuidado bucal",
    "nombre": "Pasta de dientes blanqueadora carbón vegetal ecocert Imaqe de Dia tubo 75 ml",
    "precio_unitario": "2,10 €",
    "precio_por_unidad": "(2,80 €/100 ML.)",
    "imagen": "https://www.dia.es/product_images/294276/294276_ISO_0_ES.jpg?imwidth=392"
  },
  {
    "categoria": "Cuidado bucal",
    "nombre": "Crema adhesiva para prótesis dental Imaqe de Dia tubo 40 g",
    "precio_unitario": "2,80 €",
    "precio_por_unidad": "(7,00 €/100 GR.)",
    "imagen": "https://www.dia.es/product_images/294274/294274_ISO_0_ES.jpg?imwidth=392"
  },
  {
    "categoria": "Cuidado bucal",
    "nombre": "Cepillo de dientes biodegradable Imaqe de Dia blister 1 unidad",
    "precio_unitario": "1,99 €",
    "precio_por_unidad": "(1,99 €/ud)",
    "imagen": "https://www.dia.es/product_images/290798/290798_ISO_0_ES.jpg?imwidth=392"
  },
  {
    "categoria": "Cuidado bucal",
    "nombre": "Kit dental infantil sharky Pierrot estuche 1 unidad",
    "precio_unitario": "3,95 €",
    "precio_por_unidad": "(3,95 €/ud)",
    "imagen": "https://www.dia.es/product_images/289336/289336_ISO_0_ES.jpg?imwidth=392"
  },
  {
    "categoria": "Cuidado bucal",
    "nombre": "Enjuague bucal infantil frutos rojos Planeta Junior de Dia bote 500 ml",
    "precio_unitario": "1,50 €",
    "precio_por_unidad": "(0,30 €/100 ML.)",
    "imagen": "https://www.dia.es/product_images/284063/284063_ISO_0_ES.jpg?imwidth=392"
  },
  {
    "categoria": "Cuidado bucal",
    "nombre": "Enjuague bucal sensitive Imaqe de Dia bote 500 ml",
    "precio_unitario": "2,00 €",
    "precio_por_unidad": "(0,40 €/100 ML.)",
    "imagen": "https://www.dia.es/product_images/284061/284061_ISO_0_ES.jpg?imwidth=392"
  },
  {
    "categoria": "Cuidado bucal",
    "nombre": "Pasta de dientes Oral-B tubo 75 ml",
    "precio_unitario": "4,49 €",
    "precio_por_unidad": "(5,99 €/100 ML.)",
    "imagen": "https://www.dia.es/product_images/276703/276703_ISO_0_ES.jpg?imwidth=392"
  },
  {
    "categoria": "Cuidado bucal",
    "nombre": "Cepillo de dientes suave Sensodyne 2 unidades",
    "precio_unitario": "2,99 €",
    "precio_por_unidad": "(1,50 €/ud)",
    "imagen": "https://www.dia.es/product_images/270161/270161_ISO_0_ES.jpg?imwidth=392"
  },
  {
    "categoria": "Cuidado bucal",
    "nombre": "Pasta de dientes protección Oral-B tubo 85 ml",
    "precio_unitario": "3,20 €",
    "precio_por_unidad": "(3,76 €/100 ML.)",
    "imagen": "https://www.dia.es/product_images/267096/267096_ISO_0_ES.jpg?imwidth=392"
  },
  {
    "categoria": "Cuidado bucal",
    "nombre": "Pasta de dientes protección completa Parodontax tubo 75 ml",
    "precio_unitario": "5,69 €",
    "precio_por_unidad": "(7,59 €/100 ML.)",
    "imagen": "https://www.dia.es/product_images/262559/262559_ISO_0_ES.jpg?imwidth=392"
  },
  {
    "categoria": "Cuidado bucal",
    "nombre": "Pasta de dientes frescor diario Parodontax tubo 75 ml",
    "precio_unitario": "4,79 €",
    "precio_por_unidad": "(6,39 €/100 ML.)",
    "imagen": "https://www.dia.es/product_images/262369/262369_ISO_0_ES.jpg?imwidth=392"
  },
  {
    "categoria": "Cuidado bucal",
    "nombre": "Pasta de dientes carbón activado Colgate Max White tubo 75 ml",
    "precio_unitario": "3,29 €",
    "precio_por_unidad": "(4,39 €/100 ML.)",
    "imagen": "https://www.dia.es/product_images/259326/259326_ISO_0_ES.jpg?imwidth=392"
  },
  {
    "categoria": "Cuidado bucal",
    "nombre": "Pasta de dientes sensibilidad y encías Sensodyne tubo 75 ml",
    "precio_unitario": "4,50 €",
    "precio_por_unidad": "(6,00 €/100 ML.)",
    "imagen": "https://www.dia.es/product_images/255477/255477_ISO_0_ES.jpg?imwidth=392"
  },
  {
    "categoria": "Cuidado bucal",
    "nombre": "Pasta de dientes encías sanas Advanced Colgate Total tubo 75 ml",
    "precio_unitario": "3,79 €",
    "precio_por_unidad": "(5,05 €/100 ML.)",
    "imagen": "https://www.dia.es/product_images/254485/254485_ISO_0_ES.jpg?imwidth=392"
  },
  {
    "categoria": "Cuidado bucal",
    "nombre": "Pasta de dientes blanqueadora Colgate Total tubo 75 ml",
    "precio_unitario": "2,99 €",
    "precio_por_unidad": "(3,99 €/100 ML.)",
    "imagen": "https://www.dia.es/product_images/254484/254484_ISO_0_ES.jpg?imwidth=392"
  },
  {
    "categoria": "Cuidado bucal",
    "nombre": "Pasta de dientes blanqueadora Colgate Sensation tubo 75 ml",
    "precio_unitario": "2,59 €",
    "precio_por_unidad": "(3,45 €/100 ML.)",
    "imagen": "https://www.dia.es/product_images/24066/24066_ISO_0_ES.jpg?imwidth=392"
  },
  {
    "categoria": "Cuidado bucal",
    "nombre": "Pasta de dientes protección caries Signal tubo 100 ml",
    "precio_unitario": "1,99 €",
    "precio_por_unidad": "(1,99 €/100 ML.)",
    "imagen": "https://www.dia.es/product_images/240261/240261_ISO_0_ES.jpg?imwidth=392"
  },
  {
    "categoria": "Cuidado bucal",
    "nombre": "Cepillo de dientes 360° Advanced medio Colgate blister 1 unidad",
    "precio_unitario": "4,69 €",
    "precio_por_unidad": "(4,69 €/ud)",
    "imagen": "https://www.dia.es/product_images/231669/231669_ISO_0_ES.jpg?imwidth=392"
  },
  {
    "categoria": "Cuidado bucal",
    "nombre": "Enjuague bucal protección profesional Oral-B botella 500 ml",
    "precio_unitario": "4,99 €",
    "precio_por_unidad": "(1,00 €/100 ML.)",
    "imagen": "https://www.dia.es/product_images/227472/227472_ISO_0_ES.jpg?imwidth=392"
  },
  {
    "categoria": "Cuidado bucal",
    "nombre": "Pasta de dientes blanqueadora Colgate Sensitive tubo 75 ml",
    "precio_unitario": "2,95 €",
    "precio_por_unidad": "(3,93 €/100 ML.)",
    "imagen": "https://www.dia.es/product_images/214760/214760_ISO_0_ES.jpg?imwidth=392"
  },
  {
    "categoria": "Cuidado bucal",
    "nombre": "Cepillo de dientes eléctrico vitality cross action 2d Oral-B blister 1 unidad",
    "precio_unitario": "26,95 €",
    "precio_por_unidad": "(26,95 €/ud)",
    "imagen": "https://www.dia.es/product_images/212720/212720_ISO_0_ES.jpg?imwidth=392"
  },
  {
    "categoria": "Cuidado bucal",
    "nombre": "Pasta de dientes original fluorada Kemphor tubo 75 ml",
    "precio_unitario": "1,99 €",
    "precio_por_unidad": "(2,65 €/100 ML.)",
    "imagen": "https://www.dia.es/product_images/20858/20858_ISO_0_ES.jpg?imwidth=392"
  },
  {
    "categoria": "Cuidado bucal",
    "nombre": "Enjuague bucal encías sanos Colgate Total botella 500 ml",
    "precio_unitario": "3,99 €",
    "precio_por_unidad": "(0,80 €/100 ML.)",
    "imagen": "https://www.dia.es/product_images/186008/186008_ISO_0_ES.jpg?imwidth=392"
  },
  {
    "categoria": "Cuidado bucal",
    "nombre": "Enjuague bucal antibacterias Colgate Triple Action botella 500 ml",
    "precio_unitario": "4,49 €",
    "precio_por_unidad": "(0,90 €/100 ML.)",
    "imagen": "https://www.dia.es/product_images/177585/177585_ISO_0_ES.jpg?imwidth=392"
  },
  {
    "categoria": "Cuidado bucal",
    "nombre": "Pasta de dientes acción completa Sensodyne tubo 75 ml",
    "precio_unitario": "4,50 €",
    "precio_por_unidad": "(6,00 €/100 ML.)",
    "imagen": "https://www.dia.es/product_images/169135/169135_ISO_0_ES.jpg?imwidth=392"
  },
  {
    "categoria": "Cuidado bucal",
    "nombre": "Pasta de dientes blanco polar Licor del Polo tubo 75 ml",
    "precio_unitario": "1,89 €",
    "precio_por_unidad": "(2,52 €/100 ML.)",
    "imagen": "https://www.dia.es/product_images/161479/161479_ISO_0_ES.jpg?imwidth=392"
  },
  {
    "categoria": "Cuidado bucal",
    "nombre": "Pasta de dientes dos en uno blanqueador avanzado Licor del Polo bote 75 ml",
    "precio_unitario": "2,25 €",
    "precio_por_unidad": "(3,00 €/100 ML.)",
    "imagen": "https://www.dia.es/product_images/15726/15726_ISO_0_ES.jpg?imwidth=392"
  },
  {
    "categoria": "Cuidado bucal",
    "nombre": "Pasta de dientes dos en uno menta fresca Licor del Polo tubo 75 ml",
    "precio_unitario": "2,25 €",
    "precio_por_unidad": "(3,00 €/100 ML.)",
    "imagen": "https://www.dia.es/product_images/15724/15724_ISO_0_ES.jpg?imwidth=392"
  },
  {
    "categoria": "Cuidado bucal",
    "nombre": "Pasta de dientes repair & protect Sensodyne tubo 75 ml",
    "precio_unitario": "4,50 €",
    "precio_por_unidad": "(6,00 €/100 ML.)",
    "imagen": "https://www.dia.es/product_images/154982/154982_ISO_0_ES.jpg?imwidth=392"
  },
  {
    "categoria": "Cuidado bucal",
    "nombre": "Enjuague bucal antibacteriano Colgate Plax botella 500 ml",
    "precio_unitario": "5,29 €",
    "precio_por_unidad": "(1,06 €/100 ML.)",
    "imagen": "https://www.dia.es/product_images/153995/153995_ISO_0_ES.jpg?imwidth=392"
  },
  {
    "categoria": "Cuidado bucal",
    "nombre": "Tabletas limpiadoras para prótesis dental Polident caja 30 unidades",
    "precio_unitario": "4,99 €",
    "precio_por_unidad": "(0,17 €/ud)",
    "imagen": "https://www.dia.es/product_images/151895/151895_ISO_0_ES.jpg?imwidth=392"
  },
  {
    "categoria": "Cuidado bucal",
    "nombre": "Cepillo de dientes infantil Signal 1 unidad",
    "precio_unitario": "2,99 €",
    "precio_por_unidad": "(2,99 €/ud)",
    "imagen": "https://www.dia.es/product_images/151467/151467_ISO_0_ES.jpg?imwidth=392"
  },
  {
    "categoria": "Cuidado bucal",
    "nombre": "Pasta de dientes pro-expert sensibilidad + blanqueamiento Oral-B tubo 75 ml",
    "precio_unitario": "3,40 €",
    "precio_por_unidad": "(4,53 €/100 ML.)",
    "imagen": "https://www.dia.es/product_images/149982/149982_ISO_0_ES.jpg?imwidth=392"
  },
  {
    "categoria": "Cuidado bucal",
    "nombre": "Enjuague bucal Listerine botella 500 ml",
    "precio_unitario": "5,10 €",
    "precio_por_unidad": "(1,02 €/100 ML.)",
    "imagen": "https://www.dia.es/product_images/147862/147862_ISO_0_ES.jpg?imwidth=392"
  },
  {
    "categoria": "Cuidado bucal",
    "nombre": "Pasta de dientes dos en uno fresa +6 años Licor del Polo bote 75 ml",
    "precio_unitario": "2,25 €",
    "precio_por_unidad": "(3,00 €/100 ML.)",
    "imagen": "https://www.dia.es/product_images/144547/144547_ISO_0_ES.jpg?imwidth=392"
  },
  {
    "categoria": "Cuidado bucal",
    "nombre": "Pasta de dientes blanqueadora Colgate Max White One tubo 75 ml",
    "precio_unitario": "2,99 €",
    "precio_por_unidad": "(3,99 €/100 ML.)",
    "imagen": "https://www.dia.es/product_images/134025/134025_ISO_0_ES.jpg?imwidth=392"
  },
  {
    "categoria": "Cuidado bucal",
    "nombre": "Enjuague bucal dientes y encías Listerine botella 500 ml",
    "precio_unitario": "5,10 €",
    "precio_por_unidad": "(1,02 €/100 ML.)",
    "imagen": "https://www.dia.es/product_images/108974/108974_ISO_0_ES.jpg?imwidth=392"
  },
  {
    "categoria": "Hidratación corporal",
    "nombre": "Body milk nutritivo almendras y prebióticos Imaqe de Dia botella 400 ml",
    "precio_unitario": "1,99 €",
    "precio_por_unidad": "(0,50 €/100 ML.)",
    "imagen": "https://www.dia.es/product_images/293729/293729_ISO_0_ES.jpg?imwidth=392"
  },
  {
    "categoria": "Hidratación corporal",
    "nombre": "Body milk hidratante aloe vera y ácido hialurónico Imaqe de Dia botella 400 ml",
    "precio_unitario": "1,99 €",
    "precio_por_unidad": "(0,50 €/100 ML.)",
    "imagen": "https://www.dia.es/product_images/293728/293728_ISO_0_ES.jpg?imwidth=392"
  },
  {
    "categoria": "Hidratación corporal",
    "nombre": "Aceite corporal argán Imaqe de Dia botella 400 ml",
    "precio_unitario": "2,95 €",
    "precio_por_unidad": "(0,74 €/100 ML.)",
    "imagen": "https://www.dia.es/product_images/293740/293740_ISO_0_ES.jpg?imwidth=392"
  },
  {
    "categoria": "Hidratación corporal",
    "nombre": "Crema corporal regeneradora rosa mosqueta Imaqe de Dia bote 250 ml",
    "precio_unitario": "2,60 €",
    "precio_por_unidad": "(1,04 €/100 ML.)",
    "imagen": "https://www.dia.es/product_images/293732/293732_ISO_0_ES.jpg?imwidth=392"
  },
  {
    "categoria": "Hidratación corporal",
    "nombre": "Body milk reafirmante vitamina C y Q10 Imaqe de Dia botella 400 ml",
    "precio_unitario": "1,99 €",
    "precio_por_unidad": "(0,50 €/100 ML.)",
    "imagen": "https://www.dia.es/product_images/293730/293730_ISO_0_ES.jpg?imwidth=392"
  },
  {
    "categoria": "Hidratación corporal",
    "nombre": "Crema de manos hidratante aloe vera Imaqe de Dia tubo 125 ml",
    "precio_unitario": "1,00 €",
    "precio_por_unidad": "(0,80 €/100 ML.)",
    "imagen": "https://www.dia.es/product_images/271089/271089_ISO_0_ES.jpg?imwidth=392"
  },
  {
    "categoria": "Hidratación corporal",
    "nombre": "Crema corporal nutritiva oliva y péptidos Imaqe de Dia bote 250 ml",
    "precio_unitario": "1,85 €",
    "precio_por_unidad": "(0,74 €/100 ML.)",
    "imagen": "https://www.dia.es/product_images/293731/293731_ISO_0_ES.jpg?imwidth=392"
  },
  {
    "categoria": "Hidratación corporal",
    "nombre": "Crema corporal aceite de oliva piel seca Nivea botella 400 ml",
    "precio_unitario": "3,99 €",
    "precio_por_unidad": "(1,00 €/100 ML.)",
    "imagen": "https://www.dia.es/product_images/132151/132151_ISO_0_ES.jpg?imwidth=392"
  },
  {
    "categoria": "Hidratación corporal",
    "nombre": "Aceite corporal anticelulítico natural Imaqe de Dia botella 100 ml",
    "precio_unitario": "3,50 €",
    "precio_por_unidad": "(3,50 €/100 ML.)",
    "imagen": "https://www.dia.es/product_images/293746/293746_ISO_0_ES.jpg?imwidth=392"
  },
  {
    "categoria": "Hidratación corporal",
    "nombre": "Leche corporal reparadora Lactovit Lactourea bote 400 ml",
    "precio_unitario": "4,89 €",
    "precio_por_unidad": "(1,22 €/100 ML.)",
    "imagen": "https://www.dia.es/product_images/154437/154437_ISO_0_ES.jpg?imwidth=392"
  },
  {
    "categoria": "Hidratación corporal",
    "nombre": "Crema corporal reparadora urea formato viaje Instituto Español bote 40 ml",
    "precio_unitario": "1,00 €",
    "precio_por_unidad": "(2,50 €/100 ML.)",
    "imagen": "https://www.dia.es/product_images/231215/231215_ISO_0_ES.jpg?imwidth=392"
  },
  {
    "categoria": "Hidratación corporal",
    "nombre": "Crema hidratante universal todo tipo de pieles Nivea lata 250 ml",
    "precio_unitario": "3,99 €",
    "precio_por_unidad": "(1,60 €/100 ML.)",
    "imagen": "https://www.dia.es/product_images/823/823_ISO_0_ES.jpg?imwidth=392"
  },
  {
    "categoria": "Hidratación corporal",
    "nombre": "Crema corporal reparadora urea piel seca Instituto Español bote 400 ml",
    "precio_unitario": "3,85 €",
    "precio_por_unidad": "(0,96 €/100 ML.)",
    "imagen": "https://www.dia.es/product_images/231195/231195_ISO_0_ES.jpg?imwidth=392"
  },
  {
    "categoria": "Hidratación corporal",
    "nombre": "Crema reparadora para pies con urea Imaqe de Dia tubo 125 ml",
    "precio_unitario": "1,55 €",
    "precio_por_unidad": "(1,24 €/100 ML.)",
    "imagen": "https://www.dia.es/product_images/290114/290114_ISO_0_ES.jpg?imwidth=392"
  },
  {
    "categoria": "Hidratación corporal",
    "nombre": "Crema de manos nutritiva manteca de Karité Imaqe de Dia tubo 125 ml",
    "precio_unitario": "1,30 €",
    "precio_por_unidad": "(1,04 €/100 ML.)",
    "imagen": "https://www.dia.es/product_images/271090/271090_ISO_0_ES.jpg?imwidth=392"
  },
  {
    "categoria": "Hidratación corporal",
    "nombre": "Crema corporal hidratante con ceramidas Imaqe de Dia bote 250 ml",
    "precio_unitario": "2,60 €",
    "precio_por_unidad": "(1,04 €/100 ML.)",
    "imagen": "https://www.dia.es/product_images/293733/293733_ISO_0_ES.jpg?imwidth=392"
  },
  {
    "categoria": "Hidratación corporal",
    "nombre": "Calcetín ultra hidratante para pies Imaqe de Dia bolsa 2 unidades",
    "precio_unitario": "3,99 €",
    "precio_por_unidad": "(2,00 €/ud)",
    "imagen": "https://www.dia.es/product_images/294055/294055_ISO_0_ES.jpg?imwidth=392"
  },
  {
    "categoria": "Hidratación corporal",
    "nombre": "Aceite corporal aloe vera Imaqe de Dia botella 400 ml",
    "precio_unitario": "2,55 €",
    "precio_por_unidad": "(0,64 €/100 ML.)",
    "imagen": "https://www.dia.es/product_images/293739/293739_ISO_0_ES.jpg?imwidth=392"
  },
  {
    "categoria": "Hidratación corporal",
    "nombre": "Gel frío calmante para pies y piernas Imaqe de Dia tubo 125 ml",
    "precio_unitario": "1,55 €",
    "precio_por_unidad": "(1,24 €/100 ML.)",
    "imagen": "https://www.dia.es/product_images/290115/290115_ISO_0_ES.jpg?imwidth=392"
  },
  {
    "categoria": "Hidratación corporal",
    "nombre": "Crema de manos reparadora concentrada con urea Imaqe de Dia tubo 75 ml",
    "precio_unitario": "1,30 €",
    "precio_por_unidad": "(1,73 €/100 ML.)",
    "imagen": "https://www.dia.es/product_images/271091/271091_ISO_0_ES.jpg?imwidth=392"
  },
  {
    "categoria": "Hidratación corporal",
    "nombre": "Crema hidratante intensiva Nivea bote 375 ml",
    "precio_unitario": "5,99 €",
    "precio_por_unidad": "(1,60 €/100 ML.)",
    "imagen": "https://www.dia.es/product_images/3097/3097_ISO_0_ES.jpg?imwidth=392"
  },
  {
    "categoria": "Hidratación corporal",
    "nombre": "Body shimmer perfumado Imaqe de Dia botella 100 ml",
    "precio_unitario": "3,90 €",
    "precio_por_unidad": "(3,90 €/100 ML.)",
    "imagen": "https://www.dia.es/product_images/299120/299120_ISO_0_ES.jpg?imwidth=392"
  },
  {
    "categoria": "Hidratación corporal",
    "nombre": "Calcetín exfoliante para pies Imaqe de Dia bolsa 2 unidades",
    "precio_unitario": "6,95 €",
    "precio_por_unidad": "(3,48 €/ud)",
    "imagen": "https://www.dia.es/product_images/294056/294056_ISO_0_ES.jpg?imwidth=392"
  },
  {
    "categoria": "Hidratación corporal",
    "nombre": "Manteca corporal nutritiva natural cupuaçú y colágeno ecocert Imaqe de Dia bote 200 ml",
    "precio_unitario": "4,99 €",
    "precio_por_unidad": "(2,50 €/100 ML.)",
    "imagen": "https://www.dia.es/product_images/293745/293745_ISO_0_ES.jpg?imwidth=392"
  },
  {
    "categoria": "Hidratación corporal",
    "nombre": "Body milk hidratante natural activo prebiótico ecocert Imaqe de Dia bote 250 ml",
    "precio_unitario": "3,99 €",
    "precio_por_unidad": "(1,60 €/100 ML.)",
    "imagen": "https://www.dia.es/product_images/293744/293744_ISO_0_ES.jpg?imwidth=392"
  },
  {
    "categoria": "Hidratación corporal",
    "nombre": "Aceite corporal aromaterapia Imaqe de Dia botella 250 ml",
    "precio_unitario": "3,50 €",
    "precio_por_unidad": "(1,40 €/100 ML.)",
    "imagen": "https://www.dia.es/product_images/293741/293741_ISO_0_ES.jpg?imwidth=392"
  },
  {
    "categoria": "Hidratación corporal",
    "nombre": "Exfoliante corporal aromaterapia extracto de lavanda Imaqe de Dia bote 250 ml",
    "precio_unitario": "4,30 €",
    "precio_por_unidad": "(1,72 €/100 ML.)",
    "imagen": "https://www.dia.es/product_images/293738/293738_ISO_0_ES.jpg?imwidth=392"
  },
  {
    "categoria": "Hidratación corporal",
    "nombre": "Crema corporal aromaterapia Imaqe de Dia botella 240 ml",
    "precio_unitario": "2,60 €",
    "precio_por_unidad": "(1,08 €/100 ML.)",
    "imagen": "https://www.dia.es/product_images/293737/293737_ISO_0_ES.jpg?imwidth=392"
  },
  {
    "categoria": "Hidratación corporal",
    "nombre": "Crema corporal con vitaminas encapsuladas Imaqe de Dia bote 250 ml",
    "precio_unitario": "2,95 €",
    "precio_por_unidad": "(1,18 €/100 ML.)",
    "imagen": "https://www.dia.es/product_images/293734/293734_ISO_0_ES.jpg?imwidth=392"
  },
  {
    "categoria": "Hidratación corporal",
    "nombre": "Crema exfoliante para pies piedra pómez Imaqe de Dia tubo 125 ml",
    "precio_unitario": "1,90 €",
    "precio_por_unidad": "(1,52 €/100 ML.)",
    "imagen": "https://www.dia.es/product_images/290116/290116_ISO_0_ES.jpg?imwidth=392"
  },
  {
    "categoria": "Hidratación corporal",
    "nombre": "Crema de manos natural Imaqe de Dia tubo 75 ml",
    "precio_unitario": "1,99 €",
    "precio_por_unidad": "(2,65 €/100 ML.)",
    "imagen": "https://www.dia.es/product_images/290031/290031_ISO_0_ES.jpg?imwidth=392"
  },
  {
    "categoria": "Hidratación corporal",
    "nombre": "Crema corporal vitamina b3 Babaria bote 400 ml",
    "precio_unitario": "3,20 €",
    "precio_por_unidad": "(0,80 €/100 ML.)",
    "imagen": "https://www.dia.es/product_images/282661/282661_ISO_0_ES.jpg?imwidth=392"
  },
  {
    "categoria": "Hidratación corporal",
    "nombre": "Crema corporal vitamina c Babaria bote 400 ml",
    "precio_unitario": "3,20 €",
    "precio_por_unidad": "(0,80 €/100 ML.)",
    "imagen": "https://www.dia.es/product_images/282659/282659_ISO_0_ES.jpg?imwidth=392"
  },
  {
    "categoria": "Hidratación corporal",
    "nombre": "Leche corporal vitamina b3 Babaria bote 500 ml",
    "precio_unitario": "2,99 €",
    "precio_por_unidad": "(0,60 €/100 ML.)",
    "imagen": "https://www.dia.es/product_images/282658/282658_ISO_0_ES.jpg?imwidth=392"
  },
  {
    "categoria": "Hidratación corporal",
    "nombre": "Loción corporal revitalize Natural Honey botella 400 ml",
    "precio_unitario": "4,89 €",
    "precio_por_unidad": "(1,22 €/100 ML.)",
    "imagen": "https://www.dia.es/product_images/278687/278687_ISO_0_ES.jpg?imwidth=392"
  },
  {
    "categoria": "Hidratación corporal",
    "nombre": "Crema hidratante cara y cuerpo aloe Tabaibaloe frasco 300 ml",
    "precio_unitario": "2,45 €",
    "precio_por_unidad": "(0,82 €/100 ML.)",
    "imagen": "https://www.dia.es/product_images/273259/273259_ISO_0_ES.jpg?imwidth=392"
  },
  {
    "categoria": "Hidratación corporal",
    "nombre": "Crema de manos con vainilla Imaqe de Dia tubo 50 ml",
    "precio_unitario": "1,00 €",
    "precio_por_unidad": "(2,00 €/100 ML.)",
    "imagen": "https://www.dia.es/product_images/271094/271094_ISO_0_ES.jpg?imwidth=392"
  },
  {
    "categoria": "Hidratación corporal",
    "nombre": "Crema de manos con melocotón Imaqe de Dia tubo 50 ml",
    "precio_unitario": "1,00 €",
    "precio_por_unidad": "(2,00 €/100 ML.)",
    "imagen": "https://www.dia.es/product_images/271093/271093_ISO_0_ES.jpg?imwidth=392"
  },
  {
    "categoria": "Hidratación corporal",
    "nombre": "Manteca corporal de mango Body Natur bote 200 ml",
    "precio_unitario": "4,99 €",
    "precio_por_unidad": "(2,50 €/100 ML.)",
    "imagen": "https://www.dia.es/product_images/270471/270471_ISO_0_ES.jpg?imwidth=392"
  },
  {
    "categoria": "Hidratación corporal",
    "nombre": "Leche corporal vitamina e Babaria bote 500 ml",
    "precio_unitario": "3,15 €",
    "precio_por_unidad": "(0,63 €/100 ML.)",
    "imagen": "https://www.dia.es/product_images/269073/269073_ISO_0_ES.jpg?imwidth=392"
  },
  {
    "categoria": "Hidratación corporal",
    "nombre": "Leche corporal vitamina c Babaria bote 500 ml",
    "precio_unitario": "2,99 €",
    "precio_por_unidad": "(0,60 €/100 ML.)",
    "imagen": "https://www.dia.es/product_images/269072/269072_ISO_0_ES.jpg?imwidth=392"
  },
  {
    "categoria": "Hidratación corporal",
    "nombre": "Crema de manos con aceite de coco y almendras Dove tubo 75 ml",
    "precio_unitario": "3,25 €",
    "precio_por_unidad": "(4,33 €/100 ML.)",
    "imagen": "https://www.dia.es/product_images/246233/246233_ISO_0_ES.jpg?imwidth=392"
  },
  {
    "categoria": "Hidratación corporal",
    "nombre": "Crema corporal coco Babaria bote 400 ml",
    "precio_unitario": "3,50 €",
    "precio_por_unidad": "(0,88 €/100 ML.)",
    "imagen": "https://www.dia.es/product_images/235099/235099_ISO_0_ES.jpg?imwidth=392"
  },
  {
    "categoria": "Hidratación corporal",
    "nombre": "Loción corporal emoliente Kinesia bote 400 ml",
    "precio_unitario": "4,99 €",
    "precio_por_unidad": "(1,25 €/100 ML.)",
    "imagen": "https://www.dia.es/product_images/230746/230746_ISO_0_ES.jpg?imwidth=392"
  },
  {
    "categoria": "Hidratación corporal",
    "nombre": "Aceite corporal piel perfecta formato viaje Natural Honey bote 100 ml",
    "precio_unitario": "1,50 €",
    "precio_por_unidad": "(1,50 €/100 ML.)",
    "imagen": "https://www.dia.es/product_images/228608/228608_ISO_0_ES.jpg?imwidth=392"
  },
  {
    "categoria": "Hidratación corporal",
    "nombre": "Loción corporal Dove bote 200 ml",
    "precio_unitario": "4,25 €",
    "precio_por_unidad": "(2,13 €/100 ML.)",
    "imagen": "https://www.dia.es/product_images/215386/215386_ISO_0_ES.jpg?imwidth=392"
  },
  {
    "categoria": "Hidratación corporal",
    "nombre": "Crema multiusos para hombres Nivea lata 150 ml",
    "precio_unitario": "3,99 €",
    "precio_por_unidad": "(2,66 €/100 ML.)",
    "imagen": "https://www.dia.es/product_images/203365/203365_ISO_0_ES.jpg?imwidth=392"
  },
  {
    "categoria": "Hidratación corporal",
    "nombre": "Gel crema anticelulítica + reafirmante Q10 Nivea tubo 200 ml",
    "precio_unitario": "10,99 €",
    "precio_por_unidad": "(5,50 €/100 ML.)",
    "imagen": "https://www.dia.es/product_images/156155/156155_ISO_0_ES.jpg?imwidth=392"
  },
  {
    "categoria": "Hidratación corporal",
    "nombre": "Crema de manos antiedad para manos secas Nivea tubo 100 ml",
    "precio_unitario": "3,69 €",
    "precio_por_unidad": "(3,69 €/100 ML.)",
    "imagen": "https://www.dia.es/product_images/154321/154321_ISO_0_ES.jpg?imwidth=392"
  },
  {
    "categoria": "Hidratación corporal",
    "nombre": "Leche corporal nutritiva piel normal-seca Lactovit bote 400 ml",
    "precio_unitario": "4,99 €",
    "precio_por_unidad": "(1,25 €/100 ML.)",
    "imagen": "https://www.dia.es/product_images/152306/152306_ISO_0_ES.jpg?imwidth=392"
  },
  {
    "categoria": "Hidratación corporal",
    "nombre": "Loción corporal con karité piel seca Dove bote 400 ml",
    "precio_unitario": "4,99 €",
    "precio_por_unidad": "(1,25 €/100 ML.)",
    "imagen": "https://www.dia.es/product_images/147859/147859_ISO_0_ES.jpg?imwidth=392"
  },
  {
    "categoria": "Hidratación corporal",
    "nombre": "Crema de manos aceite de oliva Nivea tubo 100 ml",
    "precio_unitario": "2,09 €",
    "precio_por_unidad": "(2,09 €/100 ML.)",
    "imagen": "https://www.dia.es/product_images/136244/136244_ISO_0_ES.jpg?imwidth=392"
  },
  {
    "categoria": "Hidratación corporal",
    "nombre": "Loción corporal hidratante piel normal/seca Natural Honey bote 330 ml",
    "precio_unitario": "4,50 €",
    "precio_por_unidad": "(1,36 €/100 ML.)",
    "imagen": "https://www.dia.es/product_images/111474/111474_ISO_0_ES.jpg?imwidth=392"
  },
  {
    "categoria": "Hidratación corporal",
    "nombre": "Loción corporal intensiva piel extra seca Dove bote 400 ml",
    "precio_unitario": "4,99 €",
    "precio_por_unidad": "(1,25 €/100 ML.)",
    "imagen": "https://www.dia.es/product_images/100919/100919_ISO_0_ES.jpg?imwidth=392"
  },
  {
    "categoria": "Desodorantes",
    "nombre": "Desodorante roll-on dermo extra control duplo Sanex bote 100 ml",
    "precio_unitario": "3,89 €",
    "precio_por_unidad": "(3,89 €/100 ML.)",
    "imagen": "https://www.dia.es/product_images/288479/288479_ISO_0_ES.jpg?imwidth=392"
  },
  {
    "categoria": "Desodorantes",
    "nombre": "Desodorante hombre Blue River Imaqe de Dia spray 150 ml",
    "precio_unitario": "1,89 €",
    "precio_por_unidad": "(1,26 €/100 ML.)",
    "imagen": "https://www.dia.es/product_images/274507/274507_ISO_0_ES.jpg?imwidth=392"
  },
  {
    "categoria": "Desodorantes",
    "nombre": "Desodorante antitranspirante con extracto de rosa mosqueta Imaqe de Dia spray 200 ml",
    "precio_unitario": "1,95 €",
    "precio_por_unidad": "(0,98 €/100 ML.)",
    "imagen": "https://www.dia.es/product_images/274501/274501_ISO_0_ES.jpg?imwidth=392"
  },
  {
    "categoria": "Desodorantes",
    "nombre": "Desodorante roll-on black and white mujer Imaqe de Dia bote 50 ml",
    "precio_unitario": "0,85 €",
    "precio_por_unidad": "(1,70 €/100 ML.)",
    "imagen": "https://www.dia.es/product_images/274534/274534_ISO_0_ES.jpg?imwidth=392"
  },
  {
    "categoria": "Desodorantes",
    "nombre": "Desodorante roll-on antitranspirante para pieles sensibles Imaqe de Dia bote 50 ml",
    "precio_unitario": "0,85 €",
    "precio_por_unidad": "(1,70 €/100 ML.)",
    "imagen": "https://www.dia.es/product_images/274532/274532_ISO_0_ES.jpg?imwidth=392"
  },
  {
    "categoria": "Desodorantes",
    "nombre": "Desodorante roll-on piel sensible antitranspirante Sanex Dermo Sensitive bote 50 ml",
    "precio_unitario": "2,19 €",
    "precio_por_unidad": "(4,38 €/100 ML.)",
    "imagen": "https://www.dia.es/product_images/113510/113510_ISO_0_ES.jpg?imwidth=392"
  },
  {
    "categoria": "Desodorantes",
    "nombre": "Desodorante black and white mujer Imaqe de Dia spray 200 ml",
    "precio_unitario": "1,95 €",
    "precio_por_unidad": "(0,98 €/100 ML.)",
    "imagen": "https://www.dia.es/product_images/274504/274504_ISO_0_ES.jpg?imwidth=392"
  },
  {
    "categoria": "Desodorantes",
    "nombre": "Desodorante invisible ice fresh Rexona spray 200 ml",
    "precio_unitario": "2,70 €",
    "precio_por_unidad": "(1,35 €/100 ML.)",
    "imagen": "https://www.dia.es/product_images/107597/107597_ISO_0_ES.jpg?imwidth=392"
  },
  {
    "categoria": "Desodorantes",
    "nombre": "Desodorante invisible on black + white Rexona spray 200 ml",
    "precio_unitario": "2,70 €",
    "precio_por_unidad": "(1,35 €/100 ML.)",
    "imagen": "https://www.dia.es/product_images/152362/152362_ISO_0_ES.jpg?imwidth=392"
  },
  {
    "categoria": "Desodorantes",
    "nombre": "Desodorante roll-on advanced care original Dove bote 50 ml",
    "precio_unitario": "2,49 €",
    "precio_por_unidad": "(4,98 €/100 ML.)",
    "imagen": "https://www.dia.es/product_images/293785/293785_ISO_0_ES.jpg?imwidth=392"
  },
  {
    "categoria": "Desodorantes",
    "nombre": "Desodorante hombre wild desert Imaqe de Dia spray 150 ml",
    "precio_unitario": "1,89 €",
    "precio_por_unidad": "(1,26 €/100 ML.)",
    "imagen": "https://www.dia.es/product_images/274506/274506_ISO_0_ES.jpg?imwidth=392"
  },
  {
    "categoria": "Desodorantes",
    "nombre": "Desodorante protege & cuida dermo algodón Imaqe de Dia spray 200 ml",
    "precio_unitario": "1,95 €",
    "precio_por_unidad": "(0,98 €/100 ML.)",
    "imagen": "https://www.dia.es/product_images/274499/274499_ISO_0_ES.jpg?imwidth=392"
  },
  {
    "categoria": "Desodorantes",
    "nombre": "Desodorante roll-on hombre protección 48 h Imaqe de Dia bote 50 ml",
    "precio_unitario": "0,85 €",
    "precio_por_unidad": "(1,70 €/100 ML.)",
    "imagen": "https://www.dia.es/product_images/274585/274585_ISO_0_ES.jpg?imwidth=392"
  },
  {
    "categoria": "Desodorantes",
    "nombre": "Desodorante roll-on sensitive Byly bote 50 ml",
    "precio_unitario": "1,95 €",
    "precio_por_unidad": "(3,90 €/100 ML.)",
    "imagen": "https://www.dia.es/product_images/151874/151874_ISO_0_ES.jpg?imwidth=392"
  },
  {
    "categoria": "Desodorantes",
    "nombre": "Desodorante black and white hombre Imaqe de Dia spray 200 ml",
    "precio_unitario": "1,95 €",
    "precio_por_unidad": "(0,98 €/100 ML.)",
    "imagen": "https://www.dia.es/product_images/274505/274505_ISO_0_ES.jpg?imwidth=392"
  },
  {
    "categoria": "Desodorantes",
    "nombre": "Desodorante advanced care original Dove spray 200 ml",
    "precio_unitario": "3,99 €",
    "precio_por_unidad": "(2,00 €/100 ML.)",
    "imagen": "https://www.dia.es/product_images/295804/295804_ISO_0_ES.jpg?imwidth=392"
  },
  {
    "categoria": "Desodorantes",
    "nombre": "Desodorante dark temptation Axe spray 150 ml",
    "precio_unitario": "3,15 €",
    "precio_por_unidad": "(2,10 €/100 ML.)",
    "imagen": "https://www.dia.es/product_images/101157/101157_ISO_0_ES.jpg?imwidth=392"
  },
  {
    "categoria": "Desodorantes",
    "nombre": "Desodorante roll-on invisible for black & white hombre Nivea bote 50 ml",
    "precio_unitario": "2,15 €",
    "precio_por_unidad": "(4,30 €/100 ML.)",
    "imagen": "https://www.dia.es/product_images/152211/152211_ISO_0_ES.jpg?imwidth=392"
  },
  {
    "categoria": "Desodorantes",
    "nombre": "Desodorante en barra negro Tulipán Negro bote 75 ml",
    "precio_unitario": "2,39 €",
    "precio_por_unidad": "(3,19 €/100 ML.)",
    "imagen": "https://www.dia.es/product_images/172954/172954_ISO_0_ES.jpg?imwidth=392"
  },
  {
    "categoria": "Desodorantes",
    "nombre": "Desodorante dry impact Nivea spray 200 ml",
    "precio_unitario": "2,95 €",
    "precio_por_unidad": "(1,48 €/100 ML.)",
    "imagen": "https://www.dia.es/product_images/59688/59688_ISO_0_ES.jpg?imwidth=392"
  },
  {
    "categoria": "Desodorantes",
    "nombre": "Desodorante en barra original Dove bote 40 ml",
    "precio_unitario": "3,65 €",
    "precio_por_unidad": "(9,13 €/100 ML.)",
    "imagen": "https://www.dia.es/product_images/59173/59173_ISO_0_ES.jpg?imwidth=392"
  },
  {
    "categoria": "Desodorantes",
    "nombre": "Desodorante cobalt blue Rexona spray 200 ml",
    "precio_unitario": "2,70 €",
    "precio_por_unidad": "(1,35 €/100 ML.)",
    "imagen": "https://www.dia.es/product_images/47702/47702_ISO_0_ES.jpg?imwidth=392"
  },
  {
    "categoria": "Desodorantes",
    "nombre": "Desodorante roll-on confort Nivea bote 50 ml",
    "precio_unitario": "2,15 €",
    "precio_por_unidad": "(4,30 €/100 ML.)",
    "imagen": "https://www.dia.es/product_images/35332/35332_ISO_0_ES.jpg?imwidth=392"
  },
  {
    "categoria": "Desodorantes",
    "nombre": "Desodorante roll-on extra dry Lea bote 50 ml",
    "precio_unitario": "1,05 €",
    "precio_por_unidad": "(2,10 €/100 ML.)",
    "imagen": "https://www.dia.es/product_images/303747/303747_ISO_0_ES.jpg?imwidth=392"
  },
  {
    "categoria": "Desodorantes",
    "nombre": "Desodorante roll-on invisible Lea bote 50 ml",
    "precio_unitario": "1,05 €",
    "precio_por_unidad": "(2,10 €/100 ML.)",
    "imagen": "https://www.dia.es/product_images/303742/303742_ISO_0_ES.jpg?imwidth=392"
  },
  {
    "categoria": "Desodorantes",
    "nombre": "Desodorante roll-on active control hombre Sanex pack 2 x 50 ml",
    "precio_unitario": "4,59 €",
    "precio_por_unidad": "(4,59 €/100 ML.)",
    "imagen": "https://www.dia.es/product_images/302313/302313_ISO_0_ES.jpg?imwidth=392"
  },
  {
    "categoria": "Desodorantes",
    "nombre": "Desodorante Black Vanilla Axe spray 150 ml",
    "precio_unitario": "5,35 €",
    "precio_por_unidad": "(3,57 €/100 ML.)",
    "imagen": "https://www.dia.es/product_images/301828/301828_ISO_0_ES.jpg?imwidth=392"
  },
  {
    "categoria": "Desodorantes",
    "nombre": "Desodorante original 0% Dove spray 150 ml",
    "precio_unitario": "3,79 €",
    "precio_por_unidad": "(2,53 €/100 ML.)",
    "imagen": "https://www.dia.es/product_images/296996/296996_ISO_0_ES.jpg?imwidth=392"
  },
  {
    "categoria": "Desodorantes",
    "nombre": "Desodorante roll-on protección total Sanex Dermo bote 50 ml",
    "precio_unitario": "2,25 €",
    "precio_por_unidad": "(4,50 €/100 ML.)",
    "imagen": "https://www.dia.es/product_images/296124/296124_ISO_0_ES.jpg?imwidth=392"
  },
  {
    "categoria": "Desodorantes",
    "nombre": "Desodorante go fresh pepino y té verde Dove spray 200 ml",
    "precio_unitario": "3,99 €",
    "precio_por_unidad": "(2,00 €/100 ML.)",
    "imagen": "https://www.dia.es/product_images/295805/295805_ISO_0_ES.jpg?imwidth=392"
  },
  {
    "categoria": "Desodorantes",
    "nombre": "Desodorante advanced care invisible Dove spray 200 ml",
    "precio_unitario": "3,99 €",
    "precio_por_unidad": "(2,00 €/100 ML.)",
    "imagen": "https://www.dia.es/product_images/295803/295803_ISO_0_ES.jpg?imwidth=392"
  },
  {
    "categoria": "Desodorantes",
    "nombre": "Desodorante roll-on tropical Rexona bote 50 ml",
    "precio_unitario": "2,15 €",
    "precio_por_unidad": "(4,30 €/100 ML.)",
    "imagen": "https://www.dia.es/product_images/294009/294009_ISO_0_ES.jpg?imwidth=392"
  },
  {
    "categoria": "Desodorantes",
    "nombre": "Desodorante roll-on invisible Dove bote 50 ml",
    "precio_unitario": "2,49 €",
    "precio_por_unidad": "(4,98 €/100 ML.)",
    "imagen": "https://www.dia.es/product_images/294003/294003_ISO_0_ES.jpg?imwidth=392"
  },
  {
    "categoria": "Desodorantes",
    "nombre": "Desodorante copper santal Axe spray 150 ml",
    "precio_unitario": "5,35 €",
    "precio_por_unidad": "(3,57 €/100 ML.)",
    "imagen": "https://www.dia.es/product_images/293383/293383_ISO_0_ES.jpg?imwidth=392"
  },
  {
    "categoria": "Desodorantes",
    "nombre": "Desodorante aqua bergamot Axe spray 150 ml",
    "precio_unitario": "5,35 €",
    "precio_por_unidad": "(3,57 €/100 ML.)",
    "imagen": "https://www.dia.es/product_images/293382/293382_ISO_0_ES.jpg?imwidth=392"
  },
  {
    "categoria": "Desodorantes",
    "nombre": "Desodorante spray mujer Rexona spray 200 ml",
    "precio_unitario": "3,59 €",
    "precio_por_unidad": "(1,80 €/100 ML.)",
    "imagen": "https://www.dia.es/product_images/285528/285528_ISO_0_ES.jpg?imwidth=392"
  },
  {
    "categoria": "Desodorantes",
    "nombre": "Desodorante roll-on dark temptation Axe bote 50 ml",
    "precio_unitario": "2,19 €",
    "precio_por_unidad": "(4,38 €/100 ML.)",
    "imagen": "https://www.dia.es/product_images/277259/277259_ISO_0_ES.jpg?imwidth=392"
  },
  {
    "categoria": "Desodorantes",
    "nombre": "Desodorante 0% alcohol y sales de aluminio Imaqe de Dia spray 200 ml",
    "precio_unitario": "1,95 €",
    "precio_por_unidad": "(0,98 €/100 ML.)",
    "imagen": "https://www.dia.es/product_images/274537/274537_ISO_0_ES.jpg?imwidth=392"
  },
  {
    "categoria": "Desodorantes",
    "nombre": "Desodorante roll-on black and white hombre Imaqe de Dia bote 50 ml",
    "precio_unitario": "0,85 €",
    "precio_por_unidad": "(1,70 €/100 ML.)",
    "imagen": "https://www.dia.es/product_images/274536/274536_ISO_0_ES.jpg?imwidth=392"
  },
  {
    "categoria": "Desodorantes",
    "nombre": "Desodorante roll-on para pieles atópicas Imaqe de Dia bote 50 ml",
    "precio_unitario": "0,85 €",
    "precio_por_unidad": "(1,70 €/100 ML.)",
    "imagen": "https://www.dia.es/product_images/274535/274535_ISO_0_ES.jpg?imwidth=392"
  },
  {
    "categoria": "Desodorantes",
    "nombre": "Desodorante roll-on antitranspirante algodón Imaqe de Dia bote 50 ml",
    "precio_unitario": "0,85 €",
    "precio_por_unidad": "(1,70 €/100 ML.)",
    "imagen": "https://www.dia.es/product_images/274531/274531_ISO_0_ES.jpg?imwidth=392"
  },
  {
    "categoria": "Desodorantes",
    "nombre": "Desodorante hombre red forest Imaqe de Dia spray 150 ml",
    "precio_unitario": "1,89 €",
    "precio_por_unidad": "(1,26 €/100 ML.)",
    "imagen": "https://www.dia.es/product_images/274508/274508_ISO_0_ES.jpg?imwidth=392"
  },
  {
    "categoria": "Desodorantes",
    "nombre": "Desodorante roll-on 0% alcohol y sales de aluminio Imaqe de Dia bote 50 ml",
    "precio_unitario": "0,85 €",
    "precio_por_unidad": "(1,70 €/100 ML.)",
    "imagen": "https://www.dia.es/product_images/274502/274502_ISO_0_ES.jpg?imwidth=392"
  },
  {
    "categoria": "Desodorantes",
    "nombre": "Desodorante para pieles sensibles Imaqe de Dia spray 200 ml",
    "precio_unitario": "1,95 €",
    "precio_por_unidad": "(0,98 €/100 ML.)",
    "imagen": "https://www.dia.es/product_images/274500/274500_ISO_0_ES.jpg?imwidth=392"
  },
  {
    "categoria": "Desodorantes",
    "nombre": "Desodorante antitranspirante hombre dry & protect Imaqe de Dia spray 200 ml",
    "precio_unitario": "1,95 €",
    "precio_por_unidad": "(0,98 €/100 ML.)",
    "imagen": "https://www.dia.es/product_images/274498/274498_ISO_0_ES.jpg?imwidth=392"
  },
  {
    "categoria": "Desodorantes",
    "nombre": "Desodorante invisible Lactovit spray 200 ml",
    "precio_unitario": "2,75 €",
    "precio_por_unidad": "(1,38 €/100 ML.)",
    "imagen": "https://www.dia.es/product_images/272194/272194_ISO_0_ES.jpg?imwidth=392"
  },
  {
    "categoria": "Desodorantes",
    "nombre": "Desodorante natur protect invisible fresh Sanex spray 200 ml",
    "precio_unitario": "3,49 €",
    "precio_por_unidad": "(1,75 €/100 ML.)",
    "imagen": "https://www.dia.es/product_images/263506/263506_ISO_0_ES.jpg?imwidth=392"
  },
  {
    "categoria": "Desodorantes",
    "nombre": "Desodorante protección total Sanex Dermo spray 200 ml",
    "precio_unitario": "3,00 €",
    "precio_por_unidad": "(1,50 €/100 ML.)",
    "imagen": "https://www.dia.es/product_images/262449/262449_ISO_0_ES.jpg?imwidth=392"
  },
  {
    "categoria": "Desodorantes",
    "nombre": "Desodorante roll-on antimanchas invisible Sanex Zero% bote 50 ml",
    "precio_unitario": "2,29 €",
    "precio_por_unidad": "(4,58 €/100 ML.)",
    "imagen": "https://www.dia.es/product_images/262447/262447_ISO_0_ES.jpg?imwidth=392"
  },
  {
    "categoria": "Desodorantes",
    "nombre": "Desodorante extra control Sanex Zero% 200 ml",
    "precio_unitario": "3,25 €",
    "precio_por_unidad": "(1,63 €/100 ML.)",
    "imagen": "https://www.dia.es/product_images/262209/262209_ISO_0_ES.jpg?imwidth=392"
  },
  {
    "categoria": "Desodorantes",
    "nombre": "Desodorante ice chill Axe spray 150 ml",
    "precio_unitario": "3,75 €",
    "precio_por_unidad": "(2,50 €/100 ML.)",
    "imagen": "https://www.dia.es/product_images/257184/257184_ISO_0_ES.jpg?imwidth=392"
  },
  {
    "categoria": "Desodorantes",
    "nombre": "Desodorante spray algodón Rexona spray 200 ml",
    "precio_unitario": "3,59 €",
    "precio_por_unidad": "(1,80 €/100 ML.)",
    "imagen": "https://www.dia.es/product_images/254521/254521_ISO_0_ES.jpg?imwidth=392"
  },
  {
    "categoria": "Desodorantes",
    "nombre": "Desodorante roll-on go fresh cucumber & green tea scent Dove bote 50 ml",
    "precio_unitario": "2,59 €",
    "precio_por_unidad": "(5,18 €/100 ML.)",
    "imagen": "https://www.dia.es/product_images/246287/246287_ISO_0_ES.jpg?imwidth=392"
  },
  {
    "categoria": "Desodorantes",
    "nombre": "Desodorante roll-on extra control Sanex Zero% bote 50 ml",
    "precio_unitario": "2,25 €",
    "precio_por_unidad": "(4,50 €/100 ML.)",
    "imagen": "https://www.dia.es/product_images/245114/245114_ISO_0_ES.jpg?imwidth=392"
  },
  {
    "categoria": "Desodorantes",
    "nombre": "Desodorante original Tulipán Negro spray 200 ml",
    "precio_unitario": "2,49 €",
    "precio_por_unidad": "(1,25 €/100 ML.)",
    "imagen": "https://www.dia.es/product_images/233573/233573_ISO_0_ES.jpg?imwidth=392"
  },
  {
    "categoria": "Desodorantes",
    "nombre": "Desodorante roll-on piedra de alumbre antimanchas Sanex Natur Protect bote 50 ml",
    "precio_unitario": "2,29 €",
    "precio_por_unidad": "(4,58 €/100 ML.)",
    "imagen": "https://www.dia.es/product_images/232572/232572_ISO_0_ES.jpg?imwidth=392"
  },
  {
    "categoria": "Desodorantes",
    "nombre": "Desodorante motionsense aloe vera Rexona spray 200 ml",
    "precio_unitario": "3,59 €",
    "precio_por_unidad": "(1,80 €/100 ML.)",
    "imagen": "https://www.dia.es/product_images/224138/224138_ISO_0_ES.jpg?imwidth=392"
  },
  {
    "categoria": "Desodorantes",
    "nombre": "Desodorante antitranspirante hombre active control Sanex spray 200 ml",
    "precio_unitario": "3,03 €",
    "precio_por_unidad": "(1,52 €/100 ML.)",
    "imagen": "https://www.dia.es/product_images/220625/220625_ISO_0_ES.jpg?imwidth=392"
  },
  {
    "categoria": "Desodorantes",
    "nombre": "Desodorante hombre invisible 24 horas Sanex spray 200 ml",
    "precio_unitario": "3,03 €",
    "precio_por_unidad": "(1,52 €/100 ML.)",
    "imagen": "https://www.dia.es/product_images/220624/220624_ISO_0_ES.jpg?imwidth=392"
  },
  {
    "categoria": "Desodorantes",
    "nombre": "Desodorante roll-on hombre active control Sanex bote 50 ml",
    "precio_unitario": "2,19 €",
    "precio_por_unidad": "(4,38 €/100 ML.)",
    "imagen": "https://www.dia.es/product_images/220623/220623_ISO_0_ES.jpg?imwidth=392"
  },
  {
    "categoria": "Desodorantes",
    "nombre": "Desodorante roll-on dermo invisible Sanex frasco 50 ml",
    "precio_unitario": "2,39 €",
    "precio_por_unidad": "(4,78 €/100 ML.)",
    "imagen": "https://www.dia.es/product_images/220622/220622_ISO_0_ES.jpg?imwidth=392"
  },
  {
    "categoria": "Desodorantes",
    "nombre": "Toallitas desodorantes dermo care Bonté Everyday de Dia bolsa 1 unidad",
    "precio_unitario": "1,00 €",
    "precio_por_unidad": "(1,00 €/ud)",
    "imagen": "https://www.dia.es/product_images/220324/220324_ISO_0_ES.jpg?imwidth=392"
  },
  {
    "categoria": "Desodorantes",
    "nombre": "Desodorante protege y cuida hombre Nivea spray 200 ml",
    "precio_unitario": "2,99 €",
    "precio_por_unidad": "(1,50 €/100 ML.)",
    "imagen": "https://www.dia.es/product_images/218236/218236_ISO_0_ES.jpg?imwidth=392"
  },
  {
    "categoria": "Desodorantes",
    "nombre": "Desodorante roll-on protege & cuida Nivea bote 50 ml",
    "precio_unitario": "2,15 €",
    "precio_por_unidad": "(4,30 €/100 ML.)",
    "imagen": "https://www.dia.es/product_images/218234/218234_ISO_0_ES.jpg?imwidth=392"
  },
  {
    "categoria": "Desodorantes",
    "nombre": "Desodorante black Axe spray 150 ml",
    "precio_unitario": "3,15 €",
    "precio_por_unidad": "(2,10 €/100 ML.)",
    "imagen": "https://www.dia.es/product_images/203277/203277_ISO_0_ES.jpg?imwidth=392"
  },
  {
    "categoria": "Desodorantes",
    "nombre": "Desodorante en barra protección Sanex Dermo bote 65 ml",
    "precio_unitario": "3,39 €",
    "precio_por_unidad": "(5,22 €/100 ML.)",
    "imagen": "https://www.dia.es/product_images/180749/180749_ISO_0_ES.jpg?imwidth=392"
  },
  {
    "categoria": "Desodorantes",
    "nombre": "Desodorante marine Axe spray 150 ml",
    "precio_unitario": "3,15 €",
    "precio_por_unidad": "(2,10 €/100 ML.)",
    "imagen": "https://www.dia.es/product_images/177453/177453_ISO_0_ES.jpg?imwidth=392"
  },
  {
    "categoria": "Desodorantes",
    "nombre": "Desodorante dark temptation duplo Axe spray 300 ml",
    "precio_unitario": "7,29 €",
    "precio_por_unidad": "(2,43 €/100 ML.)",
    "imagen": "https://www.dia.es/product_images/177057/177057_ISO_0_ES.jpg?imwidth=392"
  },
  {
    "categoria": "Desodorantes",
    "nombre": "Desodorante apollo Axe spray 150 ml",
    "precio_unitario": "3,15 €",
    "precio_por_unidad": "(2,10 €/100 ML.)",
    "imagen": "https://www.dia.es/product_images/176930/176930_ISO_0_ES.jpg?imwidth=392"
  },
  {
    "categoria": "Desodorantes",
    "nombre": "Desodorante Don algodón spray 200 ml",
    "precio_unitario": "8,55 €",
    "precio_por_unidad": "(4,28 €/100 ML.)",
    "imagen": "https://www.dia.es/product_images/172731/172731_ISO_0_ES.jpg?imwidth=392"
  },
  {
    "categoria": "Desodorantes",
    "nombre": "Desodorante spray hombre invisible Rexona spray 200 ml",
    "precio_unitario": "3,59 €",
    "precio_por_unidad": "(1,80 €/100 ML.)",
    "imagen": "https://www.dia.es/product_images/160940/160940_ISO_0_ES.jpg?imwidth=392"
  },
  {
    "categoria": "Desodorantes",
    "nombre": "Desodorante extra control Sanex Dermo spray 200 ml",
    "precio_unitario": "2,99 €",
    "precio_por_unidad": "(1,50 €/100 ML.)",
    "imagen": "https://www.dia.es/product_images/160742/160742_ISO_0_ES.jpg?imwidth=392"
  },
  {
    "categoria": "Desodorantes",
    "nombre": "Desodorante roll-on piedra de alumbre Sanex Natur Protect bote 50 ml",
    "precio_unitario": "2,29 €",
    "precio_por_unidad": "(4,58 €/100 ML.)",
    "imagen": "https://www.dia.es/product_images/160740/160740_ISO_0_ES.jpg?imwidth=392"
  },
  {
    "categoria": "Desodorantes",
    "nombre": "Desodorante roll-on antimanchas invisible 48h Sanex Dermo bote 50 ml",
    "precio_unitario": "2,25 €",
    "precio_por_unidad": "(4,50 €/100 ML.)",
    "imagen": "https://www.dia.es/product_images/160739/160739_ISO_0_ES.jpg?imwidth=392"
  },
  {
    "categoria": "Desodorantes",
    "nombre": "Desodorante piedra de alumbre Sanex Natur Protect spray 200 ml",
    "precio_unitario": "3,22 €",
    "precio_por_unidad": "(1,61 €/100 ML.)",
    "imagen": "https://www.dia.es/product_images/158626/158626_ISO_0_ES.jpg?imwidth=392"
  },
  {
    "categoria": "Desodorantes",
    "nombre": "Desodorante roll-on extreme 48 h Byly bote 50 ml",
    "precio_unitario": "2,15 €",
    "precio_por_unidad": "(4,30 €/100 ML.)",
    "imagen": "https://www.dia.es/product_images/155533/155533_ISO_0_ES.jpg?imwidth=392"
  },
  {
    "categoria": "Desodorantes",
    "nombre": "Desodorante antimanchas invisible Sanex Dermo spray 200 ml",
    "precio_unitario": "3,39 €",
    "precio_por_unidad": "(1,70 €/100 ML.)",
    "imagen": "https://www.dia.es/product_images/15492/15492_ISO_0_ES.jpg?imwidth=392"
  },
  {
    "categoria": "Desodorantes",
    "nombre": "Desodorante antitranspirante piel sensible Sanex spray 200 ml",
    "precio_unitario": "3,49 €",
    "precio_por_unidad": "(1,75 €/100 ML.)",
    "imagen": "https://www.dia.es/product_images/152318/152318_ISO_0_ES.jpg?imwidth=392"
  },
  {
    "categoria": "Desodorantes",
    "nombre": "Desodorante roll-on original Lactovit bote 50 ml",
    "precio_unitario": "2,29 €",
    "precio_por_unidad": "(4,58 €/100 ML.)",
    "imagen": "https://www.dia.es/product_images/152038/152038_ISO_0_ES.jpg?imwidth=392"
  },
  {
    "categoria": "Desodorantes",
    "nombre": "Desodorante roll-on extra fresh Byly bote 50 ml",
    "precio_unitario": "2,15 €",
    "precio_por_unidad": "(4,30 €/100 ML.)",
    "imagen": "https://www.dia.es/product_images/151875/151875_ISO_0_ES.jpg?imwidth=392"
  },
  {
    "categoria": "Desodorantes",
    "nombre": "Desodorante roll-on tacto puro protección 24 horas Palmolive NB bote 50 ml",
    "precio_unitario": "1,99 €",
    "precio_por_unidad": "(3,98 €/100 ML.)",
    "imagen": "https://www.dia.es/product_images/151723/151723_ISO_0_ES.jpg?imwidth=392"
  },
  {
    "categoria": "Desodorantes",
    "nombre": "Desodorante invisible power Nivea spray 200 ml",
    "precio_unitario": "2,95 €",
    "precio_por_unidad": "(1,48 €/100 ML.)",
    "imagen": "https://www.dia.es/product_images/151592/151592_ISO_0_ES.jpg?imwidth=392"
  },
  {
    "categoria": "Desodorantes",
    "nombre": "Desodorante invisible black & white Nivea spray 200 ml",
    "precio_unitario": "2,95 €",
    "precio_por_unidad": "(1,48 €/100 ML.)",
    "imagen": "https://www.dia.es/product_images/151591/151591_ISO_0_ES.jpg?imwidth=392"
  },
  {
    "categoria": "Desodorantes",
    "nombre": "Desodorante en barra ice blue Williams frasco 75 ml",
    "precio_unitario": "2,09 €",
    "precio_por_unidad": "(2,79 €/100 ML.)",
    "imagen": "https://www.dia.es/product_images/144215/144215_ISO_0_ES.jpg?imwidth=392"
  },
  {
    "categoria": "Desodorantes",
    "nombre": "Desodorante roll-on invisible for black & white Nivea bote 50 ml",
    "precio_unitario": "2,15 €",
    "precio_por_unidad": "(4,30 €/100 ML.)",
    "imagen": "https://www.dia.es/product_images/131487/131487_ISO_0_ES.jpg?imwidth=392"
  },
  {
    "categoria": "Desodorantes",
    "nombre": "Desodorante original Lactovit spray 200 ml",
    "precio_unitario": "2,75 €",
    "precio_por_unidad": "(1,38 €/100 ML.)",
    "imagen": "https://www.dia.es/product_images/130085/130085_ISO_0_ES.jpg?imwidth=392"
  },
  {
    "categoria": "Desodorantes",
    "nombre": "Desodorante roll-on control 48h antitranspirante Sanex Dermo bote 50 ml",
    "precio_unitario": "2,19 €",
    "precio_por_unidad": "(4,38 €/100 ML.)",
    "imagen": "https://www.dia.es/product_images/113509/113509_ISO_0_ES.jpg?imwidth=392"
  },
  {
    "categoria": "Desodorantes",
    "nombre": "Desodorante roll-on dry impact plus Nivea bote 50 ml",
    "precio_unitario": "2,15 €",
    "precio_por_unidad": "(4,30 €/100 ML.)",
    "imagen": "https://www.dia.es/product_images/110701/110701_ISO_0_ES.jpg?imwidth=392"
  },
  {
    "categoria": "Desodorantes",
    "nombre": "Desodorante piedra de alumbre piel sensible Sanex Natur Protect spray 200 ml",
    "precio_unitario": "3,49 €",
    "precio_por_unidad": "(1,75 €/100 ML.)",
    "imagen": "https://www.dia.es/product_images/104473/104473_ISO_0_ES.jpg?imwidth=392"
  },
  {
    "categoria": "Colonias",
    "nombre": "Agua de colonia familiar fresh Imaqe de Dia botella 750 ml",
    "precio_unitario": "1,95 €",
    "precio_por_unidad": "(0,26 €/100 ML.)",
    "imagen": "https://www.dia.es/product_images/294452/294452_ISO_0_ES.jpg?imwidth=392"
  },
  {
    "categoria": "Colonias",
    "nombre": "Body mist berries Flor de mayo spray 200 ml",
    "precio_unitario": "2,50 €",
    "precio_por_unidad": "(1,25 €/100 ML.)",
    "imagen": "https://www.dia.es/product_images/296816/296816_ISO_0_ES.jpg?imwidth=392"
  },
  {
    "categoria": "Colonias",
    "nombre": "Body mist coconut Imaqe de Dia spray 200 ml",
    "precio_unitario": "3,50 €",
    "precio_por_unidad": "(1,75 €/100 ML.)",
    "imagen": "https://www.dia.es/product_images/298141/298141_ISO_0_ES.jpg?imwidth=392"
  },
  {
    "categoria": "Colonias",
    "nombre": "Agua fresca de flor de naranjo Álvarez Gómez spray 300 ml",
    "precio_unitario": "2,95 €",
    "precio_por_unidad": "(0,98 €/100 ML.)",
    "imagen": "https://www.dia.es/product_images/259033/259033_ISO_0_ES.jpg?imwidth=392"
  },
  {
    "categoria": "Colonias",
    "nombre": "Loción corporal passionate romance shimmer Flor de mayo spray 195 ml",
    "precio_unitario": "2,99 €",
    "precio_por_unidad": "(1,53 €/100 ML.)",
    "imagen": "https://www.dia.es/product_images/297691/297691_ISO_0_ES.jpg?imwidth=392"
  },
  {
    "categoria": "Colonias",
    "nombre": "Agua de colonia clásica fresh S3 botella 750 ml",
    "precio_unitario": "3,45 €",
    "precio_por_unidad": "(0,46 €/100 ML.)",
    "imagen": "https://www.dia.es/product_images/270997/270997_ISO_0_ES.jpg?imwidth=392"
  },
  {
    "categoria": "Colonias",
    "nombre": "Agua de colonia familiar lavanda Imaqe de Dia botella 750 ml",
    "precio_unitario": "1,95 €",
    "precio_por_unidad": "(0,26 €/100 ML.)",
    "imagen": "https://www.dia.es/product_images/294453/294453_ISO_0_ES.jpg?imwidth=392"
  },
  {
    "categoria": "Colonias",
    "nombre": "Colonia muy mío Bustamante frasco 100 ml",
    "precio_unitario": "7,99 €",
    "precio_por_unidad": "(7,99 €/100 ML.)",
    "imagen": "https://www.dia.es/product_images/155675/155675_ISO_0_ES.jpg?imwidth=392"
  },
  {
    "categoria": "Colonias",
    "nombre": "Agua de colonia gotas frescas Instituto Español spray 250 ml",
    "precio_unitario": "4,95 €",
    "precio_por_unidad": "(1,98 €/100 ML.)",
    "imagen": "https://www.dia.es/product_images/189735/189735_ISO_0_ES.jpg?imwidth=392"
  },
  {
    "categoria": "Colonias",
    "nombre": "Colonia poseidon gold for men Poseidon frasco 150 ml",
    "precio_unitario": "11,95 €",
    "precio_por_unidad": "(7,97 €/100 ML.)",
    "imagen": "https://www.dia.es/product_images/231214/231214_ISO_0_ES.jpg?imwidth=392"
  },
  {
    "categoria": "Colonias",
    "nombre": "Colonia de coco Fruits attraction frasco 100 ml",
    "precio_unitario": "4,75 €",
    "precio_por_unidad": "(4,75 €/100 ML.)",
    "imagen": "https://www.dia.es/product_images/249084/249084_ISO_0_ES.jpg?imwidth=392"
  },
  {
    "categoria": "Colonias",
    "nombre": "Agua de colonia Spiderman frasco 30 ml",
    "precio_unitario": "4,20 €",
    "precio_por_unidad": "(14,00 €/100 ML.)",
    "imagen": "https://www.dia.es/product_images/172686/172686_ISO_0_ES.jpg?imwidth=392"
  },
  {
    "categoria": "Colonias",
    "nombre": "Body mist rose petals Imaqe de Dia spray 200 ml",
    "precio_unitario": "3,50 €",
    "precio_por_unidad": "(1,75 €/100 ML.)",
    "imagen": "https://www.dia.es/product_images/298444/298444_ISO_0_ES.jpg?imwidth=392"
  },
  {
    "categoria": "Colonias",
    "nombre": "Colonia agua fresca de azahar Aire de Sevilla frasco 150 ml",
    "precio_unitario": "10,45 €",
    "precio_por_unidad": "(6,97 €/100 ML.)",
    "imagen": "https://www.dia.es/product_images/188781/188781_ISO_0_ES.jpg?imwidth=392"
  },
  {
    "categoria": "Colonias",
    "nombre": "Agua de colonia gotas frescas Instituto Español botella 750 ml",
    "precio_unitario": "7,95 €",
    "precio_por_unidad": "(1,06 €/100 ML.)",
    "imagen": "https://www.dia.es/product_images/231212/231212_ISO_0_ES.jpg?imwidth=392"
  },
  {
    "categoria": "Colonias",
    "nombre": "Agua de colonia Frozen frasco 30 ml",
    "precio_unitario": "4,20 €",
    "precio_por_unidad": "(14,00 €/100 ML.)",
    "imagen": "https://www.dia.es/product_images/296802/296802_ISO_0_ES.jpg?imwidth=392"
  },
  {
    "categoria": "Colonias",
    "nombre": "Mini perfume hombre Blue Flor de mayo frasco 23 ml",
    "precio_unitario": "1,70 €",
    "precio_por_unidad": "(7,39 €/100 ML.)",
    "imagen": "https://www.dia.es/product_images/296306/296306_ISO_0_ES.jpg?imwidth=392"
  },
  {
    "categoria": "Colonias",
    "nombre": "Colonia sweet explos Ice cream frasco 30 ml",
    "precio_unitario": "3,25 €",
    "precio_por_unidad": "(10,83 €/100 ML.)",
    "imagen": "https://www.dia.es/product_images/293478/293478_ISO_0_ES.jpg?imwidth=392"
  },
  {
    "categoria": "Colonias",
    "nombre": "Colonia oriental flower Imaqe de Dia frasco 98 ml",
    "precio_unitario": "3,99 €",
    "precio_por_unidad": "(4,07 €/100 ML.)",
    "imagen": "https://www.dia.es/product_images/302130/302130_ISO_0_ES.jpg?imwidth=392"
  },
  {
    "categoria": "Colonias",
    "nombre": "Colonia coconut paradise Imaqe de Dia frasco 98 ml",
    "precio_unitario": "3,99 €",
    "precio_por_unidad": "(4,07 €/100 ML.)",
    "imagen": "https://www.dia.es/product_images/302129/302129_ISO_0_ES.jpg?imwidth=392"
  },
  {
    "categoria": "Colonias",
    "nombre": "Colonia exotic vanilla Imaqe de Dia frasco 98 ml",
    "precio_unitario": "3,99 €",
    "precio_por_unidad": "(4,07 €/100 ML.)",
    "imagen": "https://www.dia.es/product_images/302128/302128_ISO_0_ES.jpg?imwidth=392"
  },
  {
    "categoria": "Colonias",
    "nombre": "Body mist sicilian lemon Imaqe de Dia spray 200 ml",
    "precio_unitario": "3,50 €",
    "precio_por_unidad": "(1,75 €/100 ML.)",
    "imagen": "https://www.dia.es/product_images/298445/298445_ISO_0_ES.jpg?imwidth=392"
  },
  {
    "categoria": "Colonias",
    "nombre": "Agua de colonia original 1953 Tulipán Negro botella 800 ml",
    "precio_unitario": "3,69 €",
    "precio_por_unidad": "(0,46 €/100 ML.)",
    "imagen": "https://www.dia.es/product_images/298348/298348_ISO_0_ES.jpg?imwidth=392"
  },
  {
    "categoria": "Colonias",
    "nombre": "Body mist verbena flower Imaqe de Dia spray 200 ml",
    "precio_unitario": "3,50 €",
    "precio_por_unidad": "(1,75 €/100 ML.)",
    "imagen": "https://www.dia.es/product_images/298146/298146_ISO_0_ES.jpg?imwidth=392"
  },
  {
    "categoria": "Colonias",
    "nombre": "Body mist summer bouquet Imaqe de Dia spray 200 ml",
    "precio_unitario": "3,50 €",
    "precio_por_unidad": "(1,75 €/100 ML.)",
    "imagen": "https://www.dia.es/product_images/298144/298144_ISO_0_ES.jpg?imwidth=392"
  },
  {
    "categoria": "Colonias",
    "nombre": "Colonia matcha is a mood The Seven Cosmetics frasco 100 ml",
    "precio_unitario": "7,95 €",
    "precio_por_unidad": "(7,95 €/100 ML.)",
    "imagen": "https://www.dia.es/product_images/297178/297178_ISO_0_ES.jpg?imwidth=392"
  },
  {
    "categoria": "Colonias",
    "nombre": "Colonia kombucha is a party The Seven Cosmetics frasco 100 ml",
    "precio_unitario": "7,95 €",
    "precio_por_unidad": "(7,95 €/100 ML.)",
    "imagen": "https://www.dia.es/product_images/297177/297177_ISO_0_ES.jpg?imwidth=392"
  },
  {
    "categoria": "Colonias",
    "nombre": "Colonia chai is a brake The Seven Cosmetics frasco 100 ml",
    "precio_unitario": "7,95 €",
    "precio_por_unidad": "(7,95 €/100 ML.)",
    "imagen": "https://www.dia.es/product_images/297176/297176_ISO_0_ES.jpg?imwidth=392"
  },
  {
    "categoria": "Colonias",
    "nombre": "Set de colonia wow Flor de mayo frasco 28 ml",
    "precio_unitario": "3,50 €",
    "precio_por_unidad": "(12,50 €/100 ML.)",
    "imagen": "https://www.dia.es/product_images/296815/296815_ISO_0_ES.jpg?imwidth=392"
  },
  {
    "categoria": "Colonias",
    "nombre": "Agua de colonia fragancia original Nenuco botella 650 ml",
    "precio_unitario": "3,99 €",
    "precio_por_unidad": "(0,61 €/100 ML.)",
    "imagen": "https://www.dia.es/product_images/294057/294057_ISO_0_ES.jpg?imwidth=392"
  },
  {
    "categoria": "Colonias",
    "nombre": "Colonia shiny rainbo Ice cream frasco 30 ml",
    "precio_unitario": "3,25 €",
    "precio_por_unidad": "(10,83 €/100 ML.)",
    "imagen": "https://www.dia.es/product_images/293477/293477_ISO_0_ES.jpg?imwidth=392"
  },
  {
    "categoria": "Colonias",
    "nombre": "Colonia sweet blosson Nike frasco 150 ml",
    "precio_unitario": "14,35 €",
    "precio_por_unidad": "(9,57 €/100 ML.)",
    "imagen": "https://www.dia.es/product_images/280066/280066_ISO_0_ES.jpg?imwidth=392"
  },
  {
    "categoria": "Colonias",
    "nombre": "Colonia verbena Arome de fleur frasco 150 ml",
    "precio_unitario": "5,95 €",
    "precio_por_unidad": "(3,97 €/100 ML.)",
    "imagen": "https://www.dia.es/product_images/276195/276195_ISO_0_ES.jpg?imwidth=392"
  },
  {
    "categoria": "Colonias",
    "nombre": "Colonia flores blancas Arome de fleur frasco 150 ml",
    "precio_unitario": "5,95 €",
    "precio_por_unidad": "(3,97 €/100 ML.)",
    "imagen": "https://www.dia.es/product_images/276193/276193_ISO_0_ES.jpg?imwidth=392"
  },
  {
    "categoria": "Colonias",
    "nombre": "Colonia bergamota Arome de fleur frasco 150 ml",
    "precio_unitario": "5,95 €",
    "precio_por_unidad": "(3,97 €/100 ML.)",
    "imagen": "https://www.dia.es/product_images/276192/276192_ISO_0_ES.jpg?imwidth=392"
  },
  {
    "categoria": "Colonias",
    "nombre": "Colonia jazz aromatic Melody frasco 100 ml",
    "precio_unitario": "3,99 €",
    "precio_por_unidad": "(3,99 €/100 ML.)",
    "imagen": "https://www.dia.es/product_images/268036/268036_ISO_0_ES.jpg?imwidth=392"
  },
  {
    "categoria": "Colonias",
    "nombre": "Colonia sonata dulce Melody frasco 100 ml",
    "precio_unitario": "3,99 €",
    "precio_por_unidad": "(3,99 €/100 ML.)",
    "imagen": "https://www.dia.es/product_images/268029/268029_ISO_0_ES.jpg?imwidth=392"
  },
  {
    "categoria": "Colonias",
    "nombre": "Colonia de mango Fruits attraction frasco 100 ml",
    "precio_unitario": "4,75 €",
    "precio_por_unidad": "(4,75 €/100 ML.)",
    "imagen": "https://www.dia.es/product_images/249088/249088_ISO_0_ES.jpg?imwidth=392"
  },
  {
    "categoria": "Colonias",
    "nombre": "Colonia tokyo Dicora spray 100 ml",
    "precio_unitario": "9,99 €",
    "precio_por_unidad": "(9,99 €/100 ML.)",
    "imagen": "https://www.dia.es/product_images/247854/247854_ISO_0_ES.jpg?imwidth=392"
  },
  {
    "categoria": "Colonias",
    "nombre": "Colonia london Dicora spray 100 ml",
    "precio_unitario": "9,99 €",
    "precio_por_unidad": "(9,99 €/100 ML.)",
    "imagen": "https://www.dia.es/product_images/247848/247848_ISO_0_ES.jpg?imwidth=392"
  },
  {
    "categoria": "Colonias",
    "nombre": "Colonia grande más dos colonias pequeñas más colgador puerta Emoji estuche 1 unidad",
    "precio_unitario": "13,99 €",
    "precio_por_unidad": "(13,99 €/ud)",
    "imagen": "https://www.dia.es/product_images/235333/235333_ISO_0_ES.jpg?imwidth=392"
  },
  {
    "categoria": "Colonias",
    "nombre": "Colonia más vaso Frozen estuche 50 ml",
    "precio_unitario": "13,99 €",
    "precio_por_unidad": "(27,98 €/100 ML.)",
    "imagen": "https://www.dia.es/product_images/235331/235331_ISO_0_ES.jpg?imwidth=392"
  },
  {
    "categoria": "Colonias",
    "nombre": "Pack colonia más vaso Paw Patrol estuche 50 ml",
    "precio_unitario": "13,99 €",
    "precio_por_unidad": "(27,98 €/100 ML.)",
    "imagen": "https://www.dia.es/product_images/235330/235330_ISO_0_ES.jpg?imwidth=392"
  },
  {
    "categoria": "Colonias",
    "nombre": "Colonia rosé Aire de Sevilla frasco 150 ml",
    "precio_unitario": "11,95 €",
    "precio_por_unidad": "(7,97 €/100 ML.)",
    "imagen": "https://www.dia.es/product_images/231199/231199_ISO_0_ES.jpg?imwidth=392"
  },
  {
    "categoria": "Colonias",
    "nombre": "Colonia corporal Frozen spray 200 ml",
    "precio_unitario": "6,95 €",
    "precio_por_unidad": "(3,48 €/100 ML.)",
    "imagen": "https://www.dia.es/product_images/203788/203788_ISO_0_ES.jpg?imwidth=392"
  },
  {
    "categoria": "Colonias",
    "nombre": "Colonia agua fresca de rosas Aire de Sevilla frasco 150 ml",
    "precio_unitario": "10,45 €",
    "precio_por_unidad": "(6,97 €/100 ML.)",
    "imagen": "https://www.dia.es/product_images/188807/188807_ISO_0_ES.jpg?imwidth=392"
  },
  {
    "categoria": "Colonias",
    "nombre": "Agua de colonia glicerina y té blanco Heno de Pravia botella 780 ml",
    "precio_unitario": "4,65 €",
    "precio_por_unidad": "(0,60 €/100 ML.)",
    "imagen": "https://www.dia.es/product_images/154449/154449_ISO_0_ES.jpg?imwidth=392"
  },
  {
    "categoria": "Colonias",
    "nombre": "Agua de colonia original Heno de Pravia botella 780 ml",
    "precio_unitario": "4,19 €",
    "precio_por_unidad": "(0,54 €/100 ML.)",
    "imagen": "https://www.dia.es/product_images/154448/154448_ISO_0_ES.jpg?imwidth=392"
  },
  {
    "categoria": "Jabón de manos",
    "nombre": "Jabón de manos de aloe vera Imaqe de Dia bote 500 ml",
    "precio_unitario": "0,99 €",
    "precio_por_unidad": "(0,20 €/100 ML.)",
    "imagen": "https://www.dia.es/product_images/273844/273844_ISO_0_ES.jpg?imwidth=392"
  },
  {
    "categoria": "Jabón de manos",
    "nombre": "Recambio jabón de manos de aloe vera Imaqe de Dia bolsa 500 ml",
    "precio_unitario": "0,79 €",
    "precio_por_unidad": "(0,16 €/100 ML.)",
    "imagen": "https://www.dia.es/product_images/273842/273842_ISO_0_ES.jpg?imwidth=392"
  },
  {
    "categoria": "Jabón de manos",
    "nombre": "Jabón de manos oliva Imaqe de Dia bote 500 ml",
    "precio_unitario": "1,30 €",
    "precio_por_unidad": "(0,26 €/100 ML.)",
    "imagen": "https://www.dia.es/product_images/273843/273843_ISO_0_ES.jpg?imwidth=392"
  },
  {
    "categoria": "Jabón de manos",
    "nombre": "Jabón de manos de almendra y miel Imaqe de Dia bote 500 ml",
    "precio_unitario": "1,00 €",
    "precio_por_unidad": "(0,20 €/100 ML.)",
    "imagen": "https://www.dia.es/product_images/273835/273835_ISO_0_ES.jpg?imwidth=392"
  },
  {
    "categoria": "Jabón de manos",
    "nombre": "Recambio jabón de manos almendra y miel Imaqe de Dia bolsa 500 ml",
    "precio_unitario": "0,95 €",
    "precio_por_unidad": "(0,19 €/100 ML.)",
    "imagen": "https://www.dia.es/product_images/273839/273839_ISO_0_ES.jpg?imwidth=392"
  },
  {
    "categoria": "Jabón de manos",
    "nombre": "Jabón de manos con rosa y jazmín Imaqe de Dia bote 500 ml",
    "precio_unitario": "1,35 €",
    "precio_por_unidad": "(0,27 €/100 ML.)",
    "imagen": "https://www.dia.es/product_images/273838/273838_ISO_0_ES.jpg?imwidth=392"
  },
  {
    "categoria": "Jabón de manos",
    "nombre": "Jabón de manos almendra y leche Palmolive 3 x 90 g",
    "precio_unitario": "2,29 €",
    "precio_por_unidad": "(0,85 €/100 GR.)",
    "imagen": "https://www.dia.es/product_images/180212/180212_ISO_0_ES.jpg?imwidth=392"
  },
  {
    "categoria": "Jabón de manos",
    "nombre": "Jabón de manos con glicerina Imaqe de Dia bote 500 ml",
    "precio_unitario": "1,35 €",
    "precio_por_unidad": "(0,27 €/100 ML.)",
    "imagen": "https://www.dia.es/product_images/273836/273836_ISO_0_ES.jpg?imwidth=392"
  },
  {
    "categoria": "Jabón de manos",
    "nombre": "Jabón de manos Tradición Imaqe de Dia bote 500 ml",
    "precio_unitario": "1,30 €",
    "precio_por_unidad": "(0,26 €/100 ML.)",
    "imagen": "https://www.dia.es/product_images/300927/300927_ISO_0_ES.jpg?imwidth=392"
  },
  {
    "categoria": "Jabón de manos",
    "nombre": "Jabón de manos Dove 2 x 90 g",
    "precio_unitario": "1,99 €",
    "precio_por_unidad": "(1,11 €/100 GR.)",
    "imagen": "https://www.dia.es/product_images/32840/32840_ISO_0_ES.jpg?imwidth=392"
  },
  {
    "categoria": "Jabón de manos",
    "nombre": "Jabón de manos líquido infantil Sonic Planeta Junior de Dia bote 500 ml",
    "precio_unitario": "1,30 €",
    "precio_por_unidad": "(0,26 €/100 ML.)",
    "imagen": "https://www.dia.es/product_images/304726/304726_ISO_0_ES.jpg?imwidth=392"
  },
  {
    "categoria": "Jabón de manos",
    "nombre": "Jabón de manos neutraliza olores Imaqe de Dia bote 500 ml",
    "precio_unitario": "1,55 €",
    "precio_por_unidad": "(0,31 €/100 ML.)",
    "imagen": "https://www.dia.es/product_images/273837/273837_ISO_0_ES.jpg?imwidth=392"
  },
  {
    "categoria": "Jabón de manos",
    "nombre": "Jabón de manos avena Imaqe de Dia 100 g",
    "precio_unitario": "1,00 €",
    "precio_por_unidad": "(1,00 €/100 GR.)",
    "imagen": "https://www.dia.es/product_images/302917/302917_ISO_0_ES.jpg?imwidth=392"
  },
  {
    "categoria": "Jabón de manos",
    "nombre": "Jabón de manos líquido con almendras Palmolive bote 300 ml",
    "precio_unitario": "2,39 €",
    "precio_por_unidad": "(0,80 €/100 ML.)",
    "imagen": "https://www.dia.es/product_images/160737/160737_ISO_0_ES.jpg?imwidth=392"
  },
  {
    "categoria": "Jabón de manos",
    "nombre": "Jabón de manos líquido Sanex Dermo bote 250 ml",
    "precio_unitario": "2,39 €",
    "precio_por_unidad": "(0,96 €/100 ML.)",
    "imagen": "https://www.dia.es/product_images/196052/196052_ISO_0_ES.jpg?imwidth=392"
  },
  {
    "categoria": "Jabón de manos",
    "nombre": "Jabón de manos líquido para niños Johnson bote 300 ml",
    "precio_unitario": "1,99 €",
    "precio_por_unidad": "(0,66 €/100 ML.)",
    "imagen": "https://www.dia.es/product_images/263376/263376_ISO_0_ES.jpg?imwidth=392"
  },
  {
    "categoria": "Jabón de manos",
    "nombre": "Jabón de manos clásico Magno 2 x 100 g",
    "precio_unitario": "2,49 €",
    "precio_por_unidad": "(1,25 €/100 GR.)",
    "imagen": "https://www.dia.es/product_images/152665/152665_ISO_0_ES.jpg?imwidth=392"
  },
  {
    "categoria": "Jabón de manos",
    "nombre": "Jabón de manos líquido leche y miel Palmolive bote 300 ml",
    "precio_unitario": "2,39 €",
    "precio_por_unidad": "(0,80 €/100 ML.)",
    "imagen": "https://www.dia.es/product_images/36810/36810_ISO_0_ES.jpg?imwidth=392"
  },
  {
    "categoria": "Jabón de manos",
    "nombre": "Jabón de manos líquido elimina olores cocina Palmolive bote 300 ml",
    "precio_unitario": "2,39 €",
    "precio_por_unidad": "(0,80 €/100 ML.)",
    "imagen": "https://www.dia.es/product_images/89325/89325_ISO_0_ES.jpg?imwidth=392"
  },
  {
    "categoria": "Jabón de manos",
    "nombre": "Jabón de manos líquido hidratante Sanytol bote 250 ml",
    "precio_unitario": "2,19 €",
    "precio_por_unidad": "(0,88 €/100 ML.)",
    "imagen": "https://www.dia.es/product_images/264062/264062_ISO_0_ES.jpg?imwidth=392"
  },
  {
    "categoria": "Compresas y cuidado íntimo",
    "nombre": "Compresas ultrafinas normal con alas Esos Dias bolsa 16 unidades",
    "precio_unitario": "1,00 €",
    "precio_por_unidad": "(0,06 €/ud)",
    "imagen": "https://www.dia.es/product_images/283817/283817_ISO_0_ES.jpg?imwidth=392"
  },
  {
    "categoria": "Compresas y cuidado íntimo",
    "nombre": "Compresas ultrafinas super con alas Esos Dias bolsa 14 unidades",
    "precio_unitario": "1,00 €",
    "precio_por_unidad": "(0,07 €/ud)",
    "imagen": "https://www.dia.es/product_images/283818/283818_ISO_0_ES.jpg?imwidth=392"
  },
  {
    "categoria": "Compresas y cuidado íntimo",
    "nombre": "Protegeslips clásico Esos Dias caja 40 unidades",
    "precio_unitario": "0,99 €",
    "precio_por_unidad": "(0,02 €/ud)",
    "imagen": "https://www.dia.es/product_images/283821/283821_ISO_0_ES.jpg?imwidth=392"
  },
  {
    "categoria": "Compresas y cuidado íntimo",
    "nombre": "Compresas ultrafina noche con alas Esos Dias bolsa 10 unidades",
    "precio_unitario": "1,59 €",
    "precio_por_unidad": "(0,16 €/ud)",
    "imagen": "https://www.dia.es/product_images/283819/283819_ISO_0_ES.jpg?imwidth=392"
  },
  {
    "categoria": "Compresas y cuidado íntimo",
    "nombre": "Compresas ultrafina normal sin alas Esos Dias bolsa 16 unidades",
    "precio_unitario": "1,00 €",
    "precio_por_unidad": "(0,06 €/ud)",
    "imagen": "https://www.dia.es/product_images/283816/283816_ISO_0_ES.jpg?imwidth=392"
  },
  {
    "categoria": "Compresas y cuidado íntimo",
    "nombre": "Toallitas íntimas con aloe vera Imaqe de Dia bolsa 20 unidades",
    "precio_unitario": "1,04 €",
    "precio_por_unidad": "(0,05 €/ud)",
    "imagen": "https://www.dia.es/product_images/296951/296951_ISO_0_ES.jpg?imwidth=392"
  },
  {
    "categoria": "Compresas y cuidado íntimo",
    "nombre": "Tampón con aplicador compact súper Esos Dias caja 32 unidades",
    "precio_unitario": "3,25 €",
    "precio_por_unidad": "(0,10 €/ud)",
    "imagen": "https://www.dia.es/product_images/283831/283831_ISO_0_ES.jpg?imwidth=392"
  },
  {
    "categoria": "Compresas y cuidado íntimo",
    "nombre": "Compresas normal con alas Evax bolsa 16 unidades",
    "precio_unitario": "2,83 €",
    "precio_por_unidad": "(0,18 €/ud)",
    "imagen": "https://www.dia.es/product_images/27651/27651_ISO_0_ES.jpg?imwidth=392"
  },
  {
    "categoria": "Compresas y cuidado íntimo",
    "nombre": "Protegeslips cotton-algodón normal Esos Dias caja 28 unidades",
    "precio_unitario": "1,85 €",
    "precio_por_unidad": "(0,07 €/ud)",
    "imagen": "https://www.dia.es/product_images/287447/287447_ISO_0_ES.jpg?imwidth=392"
  },
  {
    "categoria": "Compresas y cuidado íntimo",
    "nombre": "Compresas noche con alas más larga Ausonia bolsa 9 unidades",
    "precio_unitario": "2,09 €",
    "precio_por_unidad": "(0,23 €/ud)",
    "imagen": "https://www.dia.es/product_images/131303/131303_ISO_0_ES.jpg?imwidth=392"
  },
  {
    "categoria": "Compresas y cuidado íntimo",
    "nombre": "Compresas clásicas normal sin alas Esos Dias bolsa 20 unidades",
    "precio_unitario": "0,91 €",
    "precio_por_unidad": "(0,05 €/ud)",
    "imagen": "https://www.dia.es/product_images/283812/283812_ISO_0_ES.jpg?imwidth=392"
  },
  {
    "categoria": "Compresas y cuidado íntimo",
    "nombre": "Protegeslips maxi Esos Dias caja 36 unidades",
    "precio_unitario": "1,89 €",
    "precio_por_unidad": "(0,05 €/ud)",
    "imagen": "https://www.dia.es/product_images/283825/283825_ISO_0_ES.jpg?imwidth=392"
  },
  {
    "categoria": "Compresas y cuidado íntimo",
    "nombre": "Tampones super plus compak Tampax caja 18 unidades",
    "precio_unitario": "4,39 €",
    "precio_por_unidad": "(0,24 €/ud)",
    "imagen": "https://www.dia.es/product_images/146197/146197_ISO_0_ES.jpg?imwidth=392"
  },
  {
    "categoria": "Compresas y cuidado íntimo",
    "nombre": "Compresas super con alas Ausonia bolsa 12 unidades",
    "precio_unitario": "2,09 €",
    "precio_por_unidad": "(0,17 €/ud)",
    "imagen": "https://www.dia.es/product_images/216906/216906_ISO_0_ES.jpg?imwidth=392"
  },
  {
    "categoria": "Compresas y cuidado íntimo",
    "nombre": "Compresas normal con alas Evax bolsa 12 unidades",
    "precio_unitario": "3,49 €",
    "precio_por_unidad": "(0,29 €/ud)",
    "imagen": "https://www.dia.es/product_images/236876/236876_ISO_0_ES.jpg?imwidth=392"
  },
  {
    "categoria": "Compresas y cuidado íntimo",
    "nombre": "Tampón con aplicador compact normal Esos Dias caja 32 unidades",
    "precio_unitario": "3,25 €",
    "precio_por_unidad": "(0,10 €/ud)",
    "imagen": "https://www.dia.es/product_images/283830/283830_ISO_0_ES.jpg?imwidth=392"
  },
  {
    "categoria": "Compresas y cuidado íntimo",
    "nombre": "Protegeslips normal Evax 50 unidades",
    "precio_unitario": "2,79 €",
    "precio_por_unidad": "(0,06 €/ud)",
    "imagen": "https://www.dia.es/product_images/155304/155304_ISO_0_ES.jpg?imwidth=392"
  },
  {
    "categoria": "Compresas y cuidado íntimo",
    "nombre": "Protegeslips cotton-algodón maxi Esos Dias caja 28 unidades",
    "precio_unitario": "1,85 €",
    "precio_por_unidad": "(0,07 €/ud)",
    "imagen": "https://www.dia.es/product_images/287448/287448_ISO_0_ES.jpg?imwidth=392"
  },
  {
    "categoria": "Compresas y cuidado íntimo",
    "nombre": "Tampón super Tampax caja 20 unidades",
    "precio_unitario": "4,39 €",
    "precio_por_unidad": "(0,22 €/ud)",
    "imagen": "https://www.dia.es/product_images/3282/3282_ISO_0_ES.jpg?imwidth=392"
  },
  {
    "categoria": "Compresas y cuidado íntimo",
    "nombre": "Compresas clásicas noche sin alas Esos Dias bolsa 10 unidades",
    "precio_unitario": "1,79 €",
    "precio_por_unidad": "(0,18 €/ud)",
    "imagen": "https://www.dia.es/product_images/283815/283815_ISO_0_ES.jpg?imwidth=392"
  },
  {
    "categoria": "Compresas y cuidado íntimo",
    "nombre": "Protegeslips maxi Carefree caja 48 unidades",
    "precio_unitario": "3,05 €",
    "precio_por_unidad": "(0,06 €/ud)",
    "imagen": "https://www.dia.es/product_images/73011/73011_ISO_0_ES.jpg?imwidth=392"
  },
  {
    "categoria": "Compresas y cuidado íntimo",
    "nombre": "Protegeslips normal Carefree caja 56 unidades",
    "precio_unitario": "2,79 €",
    "precio_por_unidad": "(0,05 €/ud)",
    "imagen": "https://www.dia.es/product_images/73010/73010_ISO_0_ES.jpg?imwidth=392"
  },
  {
    "categoria": "Compresas y cuidado íntimo",
    "nombre": "Compresas de incontinencia extra Tena bolsa 10 unidades",
    "precio_unitario": "4,65 €",
    "precio_por_unidad": "(0,47 €/ud)",
    "imagen": "https://www.dia.es/product_images/52373/52373_ISO_0_ES.jpg?imwidth=392"
  },
  {
    "categoria": "Compresas y cuidado íntimo",
    "nombre": "Protegeslips flexiform Carefree caja 30 unidades",
    "precio_unitario": "2,05 €",
    "precio_por_unidad": "(0,07 €/ud)",
    "imagen": "https://www.dia.es/product_images/50304/50304_ISO_0_ES.jpg?imwidth=392"
  },
  {
    "categoria": "Compresas y cuidado íntimo",
    "nombre": "Compresas super con alas Evax bolsa 12 unidades",
    "precio_unitario": "2,83 €",
    "precio_por_unidad": "(0,28 €/ud)",
    "imagen": "https://www.dia.es/product_images/43791/43791_ISO_0_ES.jpg?imwidth=392"
  },
  {
    "categoria": "Compresas y cuidado íntimo",
    "nombre": "Tampón regular Tampax caja 22 unidades",
    "precio_unitario": "4,39 €",
    "precio_por_unidad": "(0,20 €/ud)",
    "imagen": "https://www.dia.es/product_images/3300/3300_ISO_0_ES.jpg?imwidth=392"
  },
  {
    "categoria": "Compresas y cuidado íntimo",
    "nombre": "Braga menstrual lavable talla 48/50 Dim caja 1 unidad",
    "precio_unitario": "9,99 €",
    "precio_por_unidad": "(9,99 €/ud)",
    "imagen": "https://www.dia.es/product_images/303517/303517_ISO_0_ES.jpg?imwidth=392"
  },
  {
    "categoria": "Compresas y cuidado íntimo",
    "nombre": "Braga menstrual lavable talla 44/46 Dim caja 1 unidad",
    "precio_unitario": "9,99 €",
    "precio_por_unidad": "(9,99 €/ud)",
    "imagen": "https://www.dia.es/product_images/303516/303516_ISO_0_ES.jpg?imwidth=392"
  },
  {
    "categoria": "Compresas y cuidado íntimo",
    "nombre": "Braga menstrual lavable talla 40/42 Dim caja 1 unidad",
    "precio_unitario": "9,99 €",
    "precio_por_unidad": "(9,99 €/ud)",
    "imagen": "https://www.dia.es/product_images/303515/303515_ISO_0_ES.jpg?imwidth=392"
  },
  {
    "categoria": "Compresas y cuidado íntimo",
    "nombre": "Braga menstrual lavable talla 36/38 Dim caja 1 unidad",
    "precio_unitario": "9,99 €",
    "precio_por_unidad": "(9,99 €/ud)",
    "imagen": "https://www.dia.es/product_images/303514/303514_ISO_0_ES.jpg?imwidth=392"
  },
  {
    "categoria": "Compresas y cuidado íntimo",
    "nombre": "Protegeslips normal fresh plegables Carefree caja 20 unidades",
    "precio_unitario": "1,49 €",
    "precio_por_unidad": "(0,07 €/ud)",
    "imagen": "https://www.dia.es/product_images/302620/302620_ISO_0_ES.jpg?imwidth=392"
  },
  {
    "categoria": "Compresas y cuidado íntimo",
    "nombre": "Compresas para la incontinencia level 1 Tena caja 12 unidades",
    "precio_unitario": "4,99 €",
    "precio_por_unidad": "(0,42 €/ud)",
    "imagen": "https://www.dia.es/product_images/302569/302569_ISO_0_ES.jpg?imwidth=392"
  },
  {
    "categoria": "Compresas y cuidado íntimo",
    "nombre": "Compresas incontinencia normal Ausonia Discreet bolsa 14 unidades",
    "precio_unitario": "4,69 €",
    "precio_por_unidad": "(0,34 €/ud)",
    "imagen": "https://www.dia.es/product_images/301360/301360_ISO_0_ES.jpg?imwidth=392"
  },
  {
    "categoria": "Compresas y cuidado íntimo",
    "nombre": "Compresas incontinencia mini Ausonia bolsa 24 unidades",
    "precio_unitario": "4,69 €",
    "precio_por_unidad": "(0,20 €/ud)",
    "imagen": "https://www.dia.es/product_images/301356/301356_ISO_0_ES.jpg?imwidth=392"
  },
  {
    "categoria": "Compresas y cuidado íntimo",
    "nombre": "Compresa incontinencia extra Que nada pare tu Dia bolsa 14 unidades",
    "precio_unitario": "3,99 €",
    "precio_por_unidad": "(0,29 €/ud)",
    "imagen": "https://www.dia.es/product_images/298705/298705_ISO_0_ES.jpg?imwidth=392"
  },
  {
    "categoria": "Compresas y cuidado íntimo",
    "nombre": "Compresas de incontinencia maxi Que nada pare tu Dia bolsa 12 unidades",
    "precio_unitario": "3,15 €",
    "precio_por_unidad": "(0,26 €/ud)",
    "imagen": "https://www.dia.es/product_images/298704/298704_ISO_0_ES.jpg?imwidth=392"
  },
  {
    "categoria": "Compresas y cuidado íntimo",
    "nombre": "Compresas de incontinencia normal Que nada pare tu Dia bolsa 16 unidades",
    "precio_unitario": "3,05 €",
    "precio_por_unidad": "(0,19 €/ud)",
    "imagen": "https://www.dia.es/product_images/298703/298703_ISO_0_ES.jpg?imwidth=392"
  },
  {
    "categoria": "Compresas y cuidado íntimo",
    "nombre": "Protector cubrecamas 60 x 90 cm Botikit de Dia bolsa 16 unidades",
    "precio_unitario": "6,80 €",
    "precio_por_unidad": "(0,43 €/ud)",
    "imagen": "https://www.dia.es/product_images/298675/298675_ISO_0_ES.jpg?imwidth=392"
  },
  {
    "categoria": "Compresas y cuidado íntimo",
    "nombre": "Protegeslips algodón orgánico Carefree caja 30 unidades",
    "precio_unitario": "2,99 €",
    "precio_por_unidad": "(0,10 €/ud)",
    "imagen": "https://www.dia.es/product_images/292243/292243_ISO_0_ES.jpg?imwidth=392"
  },
  {
    "categoria": "Compresas y cuidado íntimo",
    "nombre": "Protegeslips duoform Esos Dias caja 30 unidades",
    "precio_unitario": "1,89 €",
    "precio_por_unidad": "(0,06 €/ud)",
    "imagen": "https://www.dia.es/product_images/283828/283828_ISO_0_ES.jpg?imwidth=392"
  },
  {
    "categoria": "Compresas y cuidado íntimo",
    "nombre": "Protegeslips normal plegado Esos Dias bolsa 30 unidades",
    "precio_unitario": "1,65 €",
    "precio_por_unidad": "(0,06 €/ud)",
    "imagen": "https://www.dia.es/product_images/283824/283824_ISO_0_ES.jpg?imwidth=392"
  },
  {
    "categoria": "Compresas y cuidado íntimo",
    "nombre": "Protegeslips normal Esos Dias caja 50 unidades",
    "precio_unitario": "1,79 €",
    "precio_por_unidad": "(0,04 €/ud)",
    "imagen": "https://www.dia.es/product_images/283822/283822_ISO_0_ES.jpg?imwidth=392"
  },
  {
    "categoria": "Compresas y cuidado íntimo",
    "nombre": "Compresas ultrafinas cotton-algodón súper con alas Esos Dias bolsa 12 unidades",
    "precio_unitario": "1,99 €",
    "precio_por_unidad": "(0,17 €/ud)",
    "imagen": "https://www.dia.es/product_images/283820/283820_ISO_0_ES.jpg?imwidth=392"
  },
  {
    "categoria": "Compresas y cuidado íntimo",
    "nombre": "Compresas súper plegada esos Esos Dias bolsa 16 unidades",
    "precio_unitario": "1,39 €",
    "precio_por_unidad": "(0,09 €/ud)",
    "imagen": "https://www.dia.es/product_images/283814/283814_ISO_0_ES.jpg?imwidth=392"
  },
  {
    "categoria": "Compresas y cuidado íntimo",
    "nombre": "Compresas normal plegada esos Esos Dias bolsa 18 unidades",
    "precio_unitario": "1,08 €",
    "precio_por_unidad": "(0,06 €/ud)",
    "imagen": "https://www.dia.es/product_images/283813/283813_ISO_0_ES.jpg?imwidth=392"
  },
  {
    "categoria": "Compresas y cuidado íntimo",
    "nombre": "Tampón digital super o.b. caja 16 unidades",
    "precio_unitario": "5,21 €",
    "precio_por_unidad": "(0,33 €/ud)",
    "imagen": "https://www.dia.es/product_images/275895/275895_ISO_0_ES.jpg?imwidth=392"
  },
  {
    "categoria": "Compresas y cuidado íntimo",
    "nombre": "Pants de incontinencia cintura alta talla L Tena bolsa 8 unidades",
    "precio_unitario": "11,99 €",
    "precio_por_unidad": "(1,50 €/ud)",
    "imagen": "https://www.dia.es/product_images/259230/259230_ISO_0_ES.jpg?imwidth=392"
  },
  {
    "categoria": "Compresas y cuidado íntimo",
    "nombre": "Protegeslips fresh normal plegado en bolsitas Evax caja 20 unidades",
    "precio_unitario": "1,29 €",
    "precio_por_unidad": "(0,06 €/ud)",
    "imagen": "https://www.dia.es/product_images/248754/248754_ISO_0_ES.jpg?imwidth=392"
  },
  {
    "categoria": "Compresas y cuidado íntimo",
    "nombre": "Compresas super con alas Evax Liberty bolsa 10 unidades",
    "precio_unitario": "3,49 €",
    "precio_por_unidad": "(0,35 €/ud)",
    "imagen": "https://www.dia.es/product_images/236738/236738_ISO_0_ES.jpg?imwidth=392"
  },
  {
    "categoria": "Compresas y cuidado íntimo",
    "nombre": "Compresas para la incontinencia level 2 Tena Men Discreet caja 10 unidades",
    "precio_unitario": "4,05 €",
    "precio_por_unidad": "(0,41 €/ud)",
    "imagen": "https://www.dia.es/product_images/234801/234801_ISO_0_ES.jpg?imwidth=392"
  },
  {
    "categoria": "Compresas y cuidado íntimo",
    "nombre": "Compresas de incontinencia normal Tena bolsa 12 unidades",
    "precio_unitario": "4,65 €",
    "precio_por_unidad": "(0,39 €/ud)",
    "imagen": "https://www.dia.es/product_images/233572/233572_ISO_0_ES.jpg?imwidth=392"
  },
  {
    "categoria": "Compresas y cuidado íntimo",
    "nombre": "Compresas incontinencia mini discreet ultra Tena bolsa 20 unidades",
    "precio_unitario": "4,65 €",
    "precio_por_unidad": "(0,23 €/ud)",
    "imagen": "https://www.dia.es/product_images/233571/233571_ISO_0_ES.jpg?imwidth=392"
  },
  {
    "categoria": "Compresas y cuidado íntimo",
    "nombre": "Protegeslips cotton aloe vera Carefree caja 56 unidades",
    "precio_unitario": "3,65 €",
    "precio_por_unidad": "(0,07 €/ud)",
    "imagen": "https://www.dia.es/product_images/218511/218511_ISO_0_ES.jpg?imwidth=392"
  },
  {
    "categoria": "Compresas y cuidado íntimo",
    "nombre": "Tampones super plus pearl Tampax caja 24 unidades",
    "precio_unitario": "5,09 €",
    "precio_por_unidad": "(0,21 €/ud)",
    "imagen": "https://www.dia.es/product_images/217472/217472_ISO_0_ES.jpg?imwidth=392"
  },
  {
    "categoria": "Compresas y cuidado íntimo",
    "nombre": "Tampón super Tampax caja 24 unidades",
    "precio_unitario": "5,09 €",
    "precio_por_unidad": "(0,21 €/ud)",
    "imagen": "https://www.dia.es/product_images/217471/217471_ISO_0_ES.jpg?imwidth=392"
  },
  {
    "categoria": "Compresas y cuidado íntimo",
    "nombre": "Tampón regular Tampax caja 24 unidades",
    "precio_unitario": "5,09 €",
    "precio_por_unidad": "(0,21 €/ud)",
    "imagen": "https://www.dia.es/product_images/217470/217470_ISO_0_ES.jpg?imwidth=392"
  },
  {
    "categoria": "Compresas y cuidado íntimo",
    "nombre": "Compresas de incontinencia maxi noche Ausonia bolsa 12 unidades",
    "precio_unitario": "7,65 €",
    "precio_por_unidad": "(0,64 €/ud)",
    "imagen": "https://www.dia.es/product_images/212781/212781_ISO_0_ES.jpg?imwidth=392"
  },
  {
    "categoria": "Compresas y cuidado íntimo",
    "nombre": "Tampón digital regular o.b. caja 32 unidades",
    "precio_unitario": "6,29 €",
    "precio_por_unidad": "(0,20 €/ud)",
    "imagen": "https://www.dia.es/product_images/17994/17994_ISO_0_ES.jpg?imwidth=392"
  },
  {
    "categoria": "Compresas y cuidado íntimo",
    "nombre": "Pants de incontinencia plus talla L Tena bolsa 8 unidades",
    "precio_unitario": "11,65 €",
    "precio_por_unidad": "(1,46 €/ud)",
    "imagen": "https://www.dia.es/product_images/163716/163716_ISO_0_ES.jpg?imwidth=392"
  },
  {
    "categoria": "Compresas y cuidado íntimo",
    "nombre": "Pants de incontinencia plus talla M Tena bolsa 9 unidades",
    "precio_unitario": "11,65 €",
    "precio_por_unidad": "(1,29 €/ud)",
    "imagen": "https://www.dia.es/product_images/163715/163715_ISO_0_ES.jpg?imwidth=392"
  },
  {
    "categoria": "Compresas y cuidado íntimo",
    "nombre": "Tampón digital super o.b. caja 32 unidades",
    "precio_unitario": "6,29 €",
    "precio_por_unidad": "(0,20 €/ud)",
    "imagen": "https://www.dia.es/product_images/161247/161247_ISO_0_ES.jpg?imwidth=392"
  },
  {
    "categoria": "Compresas y cuidado íntimo",
    "nombre": "Protegeslips maxi plus Evax caja 30 unidades",
    "precio_unitario": "3,49 €",
    "precio_por_unidad": "(0,12 €/ud)",
    "imagen": "https://www.dia.es/product_images/155605/155605_ISO_0_ES.jpg?imwidth=392"
  },
  {
    "categoria": "Compresas y cuidado íntimo",
    "nombre": "Protegeslips plus long fresh Carefree caja 40 unidades",
    "precio_unitario": "3,24 €",
    "precio_por_unidad": "(0,08 €/ud)",
    "imagen": "https://www.dia.es/product_images/152860/152860_ISO_0_ES.jpg?imwidth=392"
  },
  {
    "categoria": "Compresas y cuidado íntimo",
    "nombre": "Toallitas íntimas fresh Chilly bolsa 12 unidades",
    "precio_unitario": "2,99 €",
    "precio_por_unidad": "(0,25 €/ud)",
    "imagen": "https://www.dia.es/product_images/152208/152208_ISO_0_ES.jpg?imwidth=392"
  },
  {
    "categoria": "Compresas y cuidado íntimo",
    "nombre": "Compresas noche super plus Ausonia bolsa 9 unidades",
    "precio_unitario": "2,39 €",
    "precio_por_unidad": "(0,27 €/ud)",
    "imagen": "https://www.dia.es/product_images/151881/151881_ISO_0_ES.jpg?imwidth=392"
  },
  {
    "categoria": "Compresas y cuidado íntimo",
    "nombre": "Compresas de incontinencia maxi night Tena bolsa 12 unidades",
    "precio_unitario": "8,49 €",
    "precio_por_unidad": "(0,71 €/ud)",
    "imagen": "https://www.dia.es/product_images/144182/144182_ISO_0_ES.jpg?imwidth=392"
  },
  {
    "categoria": "Compresas y cuidado íntimo",
    "nombre": "Compresas normal con alas Ausonia bolsa 14 unidades",
    "precio_unitario": "2,09 €",
    "precio_por_unidad": "(0,15 €/ud)",
    "imagen": "https://www.dia.es/product_images/131302/131302_ISO_0_ES.jpg?imwidth=392"
  },
  {
    "categoria": "Compresas y cuidado íntimo",
    "nombre": "Protegeslips maxi fresh Carefree caja 36 unidades",
    "precio_unitario": "2,50 €",
    "precio_por_unidad": "(0,07 €/ud)",
    "imagen": "https://www.dia.es/product_images/128557/128557_ISO_0_ES.jpg?imwidth=392"
  },
  {
    "categoria": "Compresas y cuidado íntimo",
    "nombre": "Compresas super plus con alas Evax caja 10 unidades",
    "precio_unitario": "2,83 €",
    "precio_por_unidad": "(0,28 €/ud)",
    "imagen": "https://www.dia.es/product_images/117129/117129_ISO_0_ES.jpg?imwidth=392"
  },
  {
    "categoria": "Compresas y cuidado íntimo",
    "nombre": "Protegeslips normal fragancia fresca Carefree caja 44 unidades",
    "precio_unitario": "2,25 €",
    "precio_por_unidad": "(0,05 €/ud)",
    "imagen": "https://www.dia.es/product_images/116098/116098_ISO_0_ES.jpg?imwidth=392"
  },
  {
    "categoria": "Compresas y cuidado íntimo",
    "nombre": "Compresas de incontinencia maxi Tena bolsa 12 unidades",
    "precio_unitario": "7,69 €",
    "precio_por_unidad": "(0,64 €/ud)",
    "imagen": "https://www.dia.es/product_images/111094/111094_ISO_0_ES.jpg?imwidth=392"
  },
  {
    "categoria": "Compresas y cuidado íntimo",
    "nombre": "Protegeslips maxi Evax caja 36 unidades",
    "precio_unitario": "3,09 €",
    "precio_por_unidad": "(0,09 €/ud)",
    "imagen": "https://www.dia.es/product_images/105095/105095_ISO_0_ES.jpg?imwidth=392"
  },
  {
    "categoria": "Utensilios de limpieza",
    "nombre": "Estropajo salvauñas suciedad resistente Super Paco de Dia estuche 3 unidades",
    "precio_unitario": "0,75 €",
    "precio_por_unidad": "(0,25 €/ud)",
    "imagen": "https://www.dia.es/product_images/288582/288582_ISO_0_ES.jpg?imwidth=392"
  },
  {
    "categoria": "Utensilios de limpieza",
    "nombre": "Bayeta de microfibra multiusos pequeña Super Paco de Dia bolsa 3 unidades",
    "precio_unitario": "1,59 €",
    "precio_por_unidad": "(0,53 €/ud)",
    "imagen": "https://www.dia.es/product_images/288570/288570_ISO_0_ES.jpg?imwidth=392"
  },
  {
    "categoria": "Utensilios de limpieza",
    "nombre": "Fregona de hilo de microfibras especial suelos delicados Super Paco de Dia bolsa 1 unidad",
    "precio_unitario": "1,50 €",
    "precio_por_unidad": "(1,50 €/ud)",
    "imagen": "https://www.dia.es/product_images/288591/288591_ISO_0_ES.jpg?imwidth=392"
  },
  {
    "categoria": "Utensilios de limpieza",
    "nombre": "Bayetas suaves Super Paco de Dia bolsa 6 unidades",
    "precio_unitario": "1,10 €",
    "precio_por_unidad": "(0,18 €/ud)",
    "imagen": "https://www.dia.es/product_images/288573/288573_ISO_0_ES.jpg?imwidth=392"
  },
  {
    "categoria": "Utensilios de limpieza",
    "nombre": "Estropajo suciedad resistente Super Paco de Dia 3 unidades",
    "precio_unitario": "0,90 €",
    "precio_por_unidad": "(0,30 €/ud)",
    "imagen": "https://www.dia.es/product_images/288585/288585_ISO_0_ES.jpg?imwidth=392"
  },
  {
    "categoria": "Utensilios de limpieza",
    "nombre": "Fregona amarilla suave Super Paco de Dia bolsa 1 unidad",
    "precio_unitario": "0,88 €",
    "precio_por_unidad": "(0,88 €/ud)",
    "imagen": "https://www.dia.es/product_images/288590/288590_ISO_0_ES.jpg?imwidth=392"
  },
  {
    "categoria": "Utensilios de limpieza",
    "nombre": "Escoba antichoque gris y celeste Sp berner 1 unidad",
    "precio_unitario": "2,25 €",
    "precio_por_unidad": "(2,25 €/ud)",
    "imagen": "https://www.dia.es/product_images/291835/291835_ISO_0_ES.jpg?imwidth=392"
  },
  {
    "categoria": "Utensilios de limpieza",
    "nombre": "Fregona de algodón Super Paco de Dia bolsa 1 unidad",
    "precio_unitario": "1,10 €",
    "precio_por_unidad": "(1,10 €/ud)",
    "imagen": "https://www.dia.es/product_images/288592/288592_ISO_0_ES.jpg?imwidth=392"
  },
  {
    "categoria": "Utensilios de limpieza",
    "nombre": "Estropajo acero inoxidable Super Paco de Dia bolsa 3 unidades",
    "precio_unitario": "0,75 €",
    "precio_por_unidad": "(0,25 €/ud)",
    "imagen": "https://www.dia.es/product_images/288581/288581_ISO_0_ES.jpg?imwidth=392"
  },
  {
    "categoria": "Utensilios de limpieza",
    "nombre": "Estropajo vitrocerámica Scotch brite caja 1 unidad",
    "precio_unitario": "1,91 €",
    "precio_por_unidad": "(1,91 €/ud)",
    "imagen": "https://www.dia.es/product_images/274321/274321_ISO_0_ES.jpg?imwidth=392"
  },
  {
    "categoria": "Utensilios de limpieza",
    "nombre": "Estropajo limpieza delicada Super Paco de Dia 3 unidades",
    "precio_unitario": "0,90 €",
    "precio_por_unidad": "(0,30 €/ud)",
    "imagen": "https://www.dia.es/product_images/288578/288578_ISO_0_ES.jpg?imwidth=392"
  },
  {
    "categoria": "Utensilios de limpieza",
    "nombre": "Palo antideslizante gris y celeste Sp berner 1 unidad",
    "precio_unitario": "1,69 €",
    "precio_por_unidad": "(1,69 €/ud)",
    "imagen": "https://www.dia.es/product_images/291837/291837_ISO_0_ES.jpg?imwidth=392"
  },
  {
    "categoria": "Utensilios de limpieza",
    "nombre": "Estropajo salvauñas classic Scotch brite 3 unidades",
    "precio_unitario": "1,80 €",
    "precio_por_unidad": "(0,60 €/ud)",
    "imagen": "https://www.dia.es/product_images/139345/139345_ISO_0_ES.jpg?imwidth=392"
  },
  {
    "categoria": "Utensilios de limpieza",
    "nombre": "Fregona estampada Super Paco de Dia bolsa 1 unidad",
    "precio_unitario": "1,40 €",
    "precio_por_unidad": "(1,40 €/ud)",
    "imagen": "https://www.dia.es/product_images/297426/297426_ISO_0_ES.jpg?imwidth=392"
  },
  {
    "categoria": "Utensilios de limpieza",
    "nombre": "Bayeta de microfibra cristales Super Paco de Dia bolsa 1 unidad",
    "precio_unitario": "0,85 €",
    "precio_por_unidad": "(0,85 €/ud)",
    "imagen": "https://www.dia.es/product_images/288571/288571_ISO_0_ES.jpg?imwidth=392"
  },
  {
    "categoria": "Utensilios de limpieza",
    "nombre": "Recogedor antivuelco gris y celeste Sp berner 1 unidad",
    "precio_unitario": "2,45 €",
    "precio_por_unidad": "(2,45 €/ud)",
    "imagen": "https://www.dia.es/product_images/291838/291838_ISO_0_ES.jpg?imwidth=392"
  },
  {
    "categoria": "Utensilios de limpieza",
    "nombre": "Bayeta posavajillas Super Paco de Dia bolsa 1 unidad",
    "precio_unitario": "1,15 €",
    "precio_por_unidad": "(1,15 €/ud)",
    "imagen": "https://www.dia.es/product_images/288575/288575_ISO_0_ES.jpg?imwidth=392"
  },
  {
    "categoria": "Utensilios de limpieza",
    "nombre": "Guantes satinados de látex talla M Super Paco de Dia bolsa 2 unidades",
    "precio_unitario": "0,76 €",
    "precio_por_unidad": "(0,38 €/ud)",
    "imagen": "https://www.dia.es/product_images/270114/270114_ISO_0_ES.jpg?imwidth=392"
  },
  {
    "categoria": "Utensilios de limpieza",
    "nombre": "Borrador mágico Super Paco de Dia bolsa 3 unidades",
    "precio_unitario": "1,45 €",
    "precio_por_unidad": "(0,48 €/ud)",
    "imagen": "https://www.dia.es/product_images/288588/288588_ISO_0_ES.jpg?imwidth=392"
  },
  {
    "categoria": "Utensilios de limpieza",
    "nombre": "Bayeta amarilla super absorbente y extra suave Ballerina bolsa 4 unidades",
    "precio_unitario": "2,49 €",
    "precio_por_unidad": "(0,62 €/ud)",
    "imagen": "https://www.dia.es/product_images/48325/48325_ISO_0_ES.jpg?imwidth=392"
  },
  {
    "categoria": "Utensilios de limpieza",
    "nombre": "Recambio cepillo Vileda 1 unidad",
    "precio_unitario": "6,99 €",
    "precio_por_unidad": "(6,99 €/ud)",
    "imagen": "https://www.dia.es/product_images/85542/85542_ISO_0_ES.jpg?imwidth=392"
  },
  {
    "categoria": "Utensilios de limpieza",
    "nombre": "Cubo escurre fácil Vileda 1 unidad",
    "precio_unitario": "15,49 €",
    "precio_por_unidad": "(15,49 €/ud)",
    "imagen": "https://www.dia.es/product_images/70584/70584_ISO_0_ES.jpg?imwidth=392"
  },
  {
    "categoria": "Utensilios de limpieza",
    "nombre": "Palo universal rojo Vileda 1 unidad",
    "precio_unitario": "4,59 €",
    "precio_por_unidad": "(4,59 €/ud)",
    "imagen": "https://www.dia.es/product_images/5796/5796_ISO_0_ES.jpg?imwidth=392"
  },
  {
    "categoria": "Utensilios de limpieza",
    "nombre": "Fregona en tiras ultraseca Scotch brite bolsa 1 unidad",
    "precio_unitario": "2,15 €",
    "precio_por_unidad": "(2,15 €/ud)",
    "imagen": "https://www.dia.es/product_images/53683/53683_ISO_0_ES.jpg?imwidth=392"
  },
  {
    "categoria": "Utensilios de limpieza",
    "nombre": "Guantes desechables de látex multiusos talla S/M Vileda caja 10 unidades",
    "precio_unitario": "4,59 €",
    "precio_por_unidad": "(0,46 €/ud)",
    "imagen": "https://www.dia.es/product_images/5128/5128_ISO_0_ES.jpg?imwidth=392"
  },
  {
    "categoria": "Utensilios de limpieza",
    "nombre": "Guantes reutilizables triple capa talla M Spontex bolsa 2 unidades",
    "precio_unitario": "3,19 €",
    "precio_por_unidad": "(1,60 €/ud)",
    "imagen": "https://www.dia.es/product_images/46144/46144_ISO_0_ES.jpg?imwidth=392"
  },
  {
    "categoria": "Utensilios de limpieza",
    "nombre": "Bayeta de microfibra Scotch brite bolsa 10 unidades",
    "precio_unitario": "5,03 €",
    "precio_por_unidad": "(0,50 €/ud)",
    "imagen": "https://www.dia.es/product_images/39965/39965_ISO_0_ES.jpg?imwidth=392"
  },
  {
    "categoria": "Utensilios de limpieza",
    "nombre": "Fregona de microfibra Super Paco de Dia bolsa 1 unidad",
    "precio_unitario": "3,50 €",
    "precio_por_unidad": "(3,50 €/ud)",
    "imagen": "https://www.dia.es/product_images/301364/301364_ISO_0_ES.jpg?imwidth=392"
  },
  {
    "categoria": "Utensilios de limpieza",
    "nombre": "Estropajo universal no raya Spontex bolsa 3 unidades",
    "precio_unitario": "1,89 €",
    "precio_por_unidad": "(0,63 €/ud)",
    "imagen": "https://www.dia.es/product_images/293402/293402_ISO_0_ES.jpg?imwidth=392"
  },
  {
    "categoria": "Utensilios de limpieza",
    "nombre": "Cubo ovalado gris y celeste 14 lt Sp berner 1 unidad",
    "precio_unitario": "5,25 €",
    "precio_por_unidad": "(5,25 €/ud)",
    "imagen": "https://www.dia.es/product_images/291836/291836_ISO_0_ES.jpg?imwidth=392"
  },
  {
    "categoria": "Utensilios de limpieza",
    "nombre": "Bayeta ecológica Rozenbal bolsa 1 unidad",
    "precio_unitario": "1,89 €",
    "precio_por_unidad": "(1,89 €/ud)",
    "imagen": "https://www.dia.es/product_images/291100/291100_ISO_0_ES.jpg?imwidth=392"
  },
  {
    "categoria": "Utensilios de limpieza",
    "nombre": "Bayeta microfibra secavajillas Rozenbal bolsa 2 unidades",
    "precio_unitario": "2,75 €",
    "precio_por_unidad": "(1,38 €/ud)",
    "imagen": "https://www.dia.es/product_images/291099/291099_ISO_0_ES.jpg?imwidth=392"
  },
  {
    "categoria": "Utensilios de limpieza",
    "nombre": "Guantes de látex desechables talla M Bayeco caja 30 unidades",
    "precio_unitario": "2,79 €",
    "precio_por_unidad": "(0,09 €/ud)",
    "imagen": "https://www.dia.es/product_images/291041/291041_ISO_0_ES.jpg?imwidth=392"
  },
  {
    "categoria": "Utensilios de limpieza",
    "nombre": "Guantes de látex desechables talla S Bayeco caja 30 unidades",
    "precio_unitario": "2,79 €",
    "precio_por_unidad": "(0,09 €/ud)",
    "imagen": "https://www.dia.es/product_images/291040/291040_ISO_0_ES.jpg?imwidth=392"
  },
  {
    "categoria": "Utensilios de limpieza",
    "nombre": "Guantes nitrilo desechables talla M Bayeco caja 20 unidades",
    "precio_unitario": "2,29 €",
    "precio_por_unidad": "(0,11 €/ud)",
    "imagen": "https://www.dia.es/product_images/291038/291038_ISO_0_ES.jpg?imwidth=392"
  },
  {
    "categoria": "Utensilios de limpieza",
    "nombre": "Guantes nitrilo desechables talla S Bayeco caja 20 unidades",
    "precio_unitario": "2,29 €",
    "precio_por_unidad": "(0,11 €/ud)",
    "imagen": "https://www.dia.es/product_images/291035/291035_ISO_0_ES.jpg?imwidth=392"
  },
  {
    "categoria": "Utensilios de limpieza",
    "nombre": "Estropajo salvauñas limpieza delicada Super Paco de Dia estuche 3 unidades",
    "precio_unitario": "0,75 €",
    "precio_por_unidad": "(0,25 €/ud)",
    "imagen": "https://www.dia.es/product_images/288586/288586_ISO_0_ES.jpg?imwidth=392"
  },
  {
    "categoria": "Utensilios de limpieza",
    "nombre": "Estropajo de fibra verde Super Paco de Dia bolsa 4 unidades",
    "precio_unitario": "1,19 €",
    "precio_por_unidad": "(0,30 €/ud)",
    "imagen": "https://www.dia.es/product_images/288583/288583_ISO_0_ES.jpg?imwidth=392"
  },
  {
    "categoria": "Utensilios de limpieza",
    "nombre": "Bayeta de microfibra multiusos doble cara Super Paco de Dia bolsa 1 unidad",
    "precio_unitario": "1,15 €",
    "precio_por_unidad": "(1,15 €/ud)",
    "imagen": "https://www.dia.es/product_images/288576/288576_ISO_0_ES.jpg?imwidth=392"
  },
  {
    "categoria": "Utensilios de limpieza",
    "nombre": "Bayeta microfibra atrapa polvo Super Paco de Dia bolsa 1 unidad",
    "precio_unitario": "0,90 €",
    "precio_por_unidad": "(0,90 €/ud)",
    "imagen": "https://www.dia.es/product_images/288572/288572_ISO_0_ES.jpg?imwidth=392"
  },
  {
    "categoria": "Utensilios de limpieza",
    "nombre": "Fregona microfibras super Vileda bolsa 1 unidad",
    "precio_unitario": "5,59 €",
    "precio_por_unidad": "(5,59 €/ud)",
    "imagen": "https://www.dia.es/product_images/279793/279793_ISO_0_ES.jpg?imwidth=392"
  },
  {
    "categoria": "Utensilios de limpieza",
    "nombre": "Guantes desechables protección antivirus talla S Spontex bolsa 36 unidades",
    "precio_unitario": "5,19 €",
    "precio_por_unidad": "(0,14 €/ud)",
    "imagen": "https://www.dia.es/product_images/276784/276784_ISO_0_ES.jpg?imwidth=392"
  },
  {
    "categoria": "Utensilios de limpieza",
    "nombre": "Guantes flocados de látex talla L Super Paco de Dia bolsa 2 unidades",
    "precio_unitario": "0,95 €",
    "precio_por_unidad": "(0,48 €/ud)",
    "imagen": "https://www.dia.es/product_images/270117/270117_ISO_0_ES.jpg?imwidth=392"
  },
  {
    "categoria": "Utensilios de limpieza",
    "nombre": "Guantes flocados de látex talla M Super Paco de Dia bolsa 2 unidades",
    "precio_unitario": "0,95 €",
    "precio_por_unidad": "(0,48 €/ud)",
    "imagen": "https://www.dia.es/product_images/270116/270116_ISO_0_ES.jpg?imwidth=392"
  },
  {
    "categoria": "Utensilios de limpieza",
    "nombre": "Guantes satinados de látex talla S Super Paco de Dia bolsa 2 unidades",
    "precio_unitario": "0,76 €",
    "precio_por_unidad": "(0,38 €/ud)",
    "imagen": "https://www.dia.es/product_images/270115/270115_ISO_0_ES.jpg?imwidth=392"
  },
  {
    "categoria": "Utensilios de limpieza",
    "nombre": "Estropajo no raya fresh Scotch brite bolsa 3 unidades",
    "precio_unitario": "2,39 €",
    "precio_por_unidad": "(0,80 €/ud)",
    "imagen": "https://www.dia.es/product_images/267816/267816_ISO_0_ES.jpg?imwidth=392"
  },
  {
    "categoria": "Utensilios de limpieza",
    "nombre": "Bayeta microfibra ultra fresh Vileda bolsa 3 unidades",
    "precio_unitario": "4,49 €",
    "precio_por_unidad": "(1,50 €/ud)",
    "imagen": "https://www.dia.es/product_images/258749/258749_ISO_0_ES.jpg?imwidth=392"
  },
  {
    "categoria": "Utensilios de limpieza",
    "nombre": "Fregona microfibra premium 2 en 1 Vileda bolsa 1 unidad",
    "precio_unitario": "5,09 €",
    "precio_por_unidad": "(5,09 €/ud)",
    "imagen": "https://www.dia.es/product_images/244262/244262_ISO_0_ES.jpg?imwidth=392"
  },
  {
    "categoria": "Utensilios de limpieza",
    "nombre": "Estropajo con fibra Vileda bolsa 3 unidades",
    "precio_unitario": "2,79 €",
    "precio_por_unidad": "(0,93 €/ud)",
    "imagen": "https://www.dia.es/product_images/238338/238338_ISO_0_ES.jpg?imwidth=392"
  },
  {
    "categoria": "Utensilios de limpieza",
    "nombre": "Guantes desechables talla S Spontex bolsa 20 unidades",
    "precio_unitario": "2,35 €",
    "precio_por_unidad": "(0,12 €/ud)",
    "imagen": "https://www.dia.es/product_images/235924/235924_ISO_0_ES.jpg?imwidth=392"
  },
  {
    "categoria": "Utensilios de limpieza",
    "nombre": "Estropajo universal azul Scotch brite bolsa 3 unidades",
    "precio_unitario": "2,23 €",
    "precio_por_unidad": "(0,74 €/ud)",
    "imagen": "https://www.dia.es/product_images/227318/227318_ISO_0_ES.jpg?imwidth=392"
  },
  {
    "categoria": "Utensilios de limpieza",
    "nombre": "Bayeta microfibra Vileda bolsa 8 unidades",
    "precio_unitario": "8,29 €",
    "precio_por_unidad": "(1,04 €/ud)",
    "imagen": "https://www.dia.es/product_images/220356/220356_ISO_0_ES.jpg?imwidth=392"
  },
  {
    "categoria": "Utensilios de limpieza",
    "nombre": "Estropajo extreme fibra morada Scotch brite bolsa 2 unidades",
    "precio_unitario": "2,39 €",
    "precio_por_unidad": "(1,20 €/ud)",
    "imagen": "https://www.dia.es/product_images/218131/218131_ISO_0_ES.jpg?imwidth=392"
  },
  {
    "categoria": "Utensilios de limpieza",
    "nombre": "Estropajo metálico Scotch brite bolsa 4 unidades",
    "precio_unitario": "1,83 €",
    "precio_por_unidad": "(0,46 €/ud)",
    "imagen": "https://www.dia.es/product_images/215910/215910_ISO_0_ES.jpg?imwidth=392"
  },
  {
    "categoria": "Utensilios de limpieza",
    "nombre": "Estropajo gigante classic verde Scotch brite bolsa 3 unidades",
    "precio_unitario": "2,15 €",
    "precio_por_unidad": "(0,72 €/ud)",
    "imagen": "https://www.dia.es/product_images/196056/196056_ISO_0_ES.jpg?imwidth=392"
  },
  {
    "categoria": "Utensilios de limpieza",
    "nombre": "Estropajo acero inoxidable Spontex bolsa 3 unidades",
    "precio_unitario": "1,99 €",
    "precio_por_unidad": "(0,66 €/ud)",
    "imagen": "https://www.dia.es/product_images/185976/185976_ISO_0_ES.jpg?imwidth=392"
  },
  {
    "categoria": "Utensilios de limpieza",
    "nombre": "Bayeta multifácil super absorbente Spontex bolsa 3 unidades",
    "precio_unitario": "2,75 €",
    "precio_por_unidad": "(0,92 €/ud)",
    "imagen": "https://www.dia.es/product_images/181903/181903_ISO_0_ES.jpg?imwidth=392"
  },
  {
    "categoria": "Utensilios de limpieza",
    "nombre": "Bayeta microfibra XXL Spontex bolsa 2 unidades",
    "precio_unitario": "2,79 €",
    "precio_por_unidad": "(1,40 €/ud)",
    "imagen": "https://www.dia.es/product_images/170654/170654_ISO_0_ES.jpg?imwidth=392"
  },
  {
    "categoria": "Utensilios de limpieza",
    "nombre": "Estropajo classic verde Scotch brite bolsa 3 unidades",
    "precio_unitario": "2,07 €",
    "precio_por_unidad": "(0,69 €/ud)",
    "imagen": "https://www.dia.es/product_images/165102/165102_ISO_0_ES.jpg?imwidth=392"
  },
  {
    "categoria": "Utensilios de limpieza",
    "nombre": "Guantes reutilizables segunda piel talla M Spontex bolsa 2 unidades",
    "precio_unitario": "4,39 €",
    "precio_por_unidad": "(2,20 €/ud)",
    "imagen": "https://www.dia.es/product_images/161490/161490_ISO_0_ES.jpg?imwidth=392"
  },
  {
    "categoria": "Utensilios de limpieza",
    "nombre": "Bayeta microfibra especial cristales Cisne bolsa 1 unidad",
    "precio_unitario": "3,45 €",
    "precio_por_unidad": "(3,45 €/ud)",
    "imagen": "https://www.dia.es/product_images/160076/160076_ISO_0_ES.jpg?imwidth=392"
  },
  {
    "categoria": "Utensilios de limpieza",
    "nombre": "Paño especial cristales Limpiamas bolsa 1 unidad",
    "precio_unitario": "4,19 €",
    "precio_por_unidad": "(4,19 €/ud)",
    "imagen": "https://www.dia.es/product_images/152153/152153_ISO_0_ES.jpg?imwidth=392"
  },
  {
    "categoria": "Utensilios de limpieza",
    "nombre": "Estropajo con esponja super absorbente Spontex bolsa 2 unidades",
    "precio_unitario": "2,89 €",
    "precio_por_unidad": "(1,45 €/ud)",
    "imagen": "https://www.dia.es/product_images/151698/151698_ISO_0_ES.jpg?imwidth=392"
  },
  {
    "categoria": "Utensilios de limpieza",
    "nombre": "Bayeta microfibra multiusos Vileda bolsa 4 unidades",
    "precio_unitario": "6,39 €",
    "precio_por_unidad": "(1,60 €/ud)",
    "imagen": "https://www.dia.es/product_images/139212/139212_ISO_0_ES.jpg?imwidth=392"
  },
  {
    "categoria": "Utensilios de limpieza",
    "nombre": "Bayeta suave amarilla máxima absorción Vileda bolsa 3 unidades",
    "precio_unitario": "2,79 €",
    "precio_por_unidad": "(0,93 €/ud)",
    "imagen": "https://www.dia.es/product_images/135256/135256_ISO_0_ES.jpg?imwidth=392"
  },
  {
    "categoria": "Utensilios de limpieza",
    "nombre": "Fregona supersuave amarilla Vileda bolsa 1 unidad",
    "precio_unitario": "2,99 €",
    "precio_por_unidad": "(2,99 €/ud)",
    "imagen": "https://www.dia.es/product_images/131106/131106_ISO_0_ES.jpg?imwidth=392"
  },
  {
    "categoria": "Utensilios de limpieza",
    "nombre": "Estropajo salvauñas duplo Vileda 3 unidades",
    "precio_unitario": "2,79 €",
    "precio_por_unidad": "(0,93 €/ud)",
    "imagen": "https://www.dia.es/product_images/130898/130898_ISO_0_ES.jpg?imwidth=392"
  },
  {
    "categoria": "Utensilios de limpieza",
    "nombre": "Bayeta microfibra Spontex 5 unidades",
    "precio_unitario": "6,25 €",
    "precio_por_unidad": "(1,25 €/ud)",
    "imagen": "https://www.dia.es/product_images/127626/127626_ISO_0_ES.jpg?imwidth=392"
  },
  {
    "categoria": "Utensilios de limpieza",
    "nombre": "Recogedor Vileda 1 unidad",
    "precio_unitario": "5,59 €",
    "precio_por_unidad": "(5,59 €/ud)",
    "imagen": "https://www.dia.es/product_images/123353/123353_ISO_0_ES.jpg?imwidth=392"
  },
  {
    "categoria": "Utensilios de limpieza",
    "nombre": "Fregona super 100 % microfibra azul Vileda bolsa 1 unidad",
    "precio_unitario": "3,29 €",
    "precio_por_unidad": "(3,29 €/ud)",
    "imagen": "https://www.dia.es/product_images/115789/115789_ISO_0_ES.jpg?imwidth=392"
  },
  {
    "categoria": "Utensilios de limpieza",
    "nombre": "Fregona microfibra y algodón Vileda bolsa 1 unidad",
    "precio_unitario": "5,29 €",
    "precio_por_unidad": "(5,29 €/ud)",
    "imagen": "https://www.dia.es/product_images/113030/113030_ISO_0_ES.jpg?imwidth=392"
  },
  {
    "categoria": "Utensilios de limpieza",
    "nombre": "Guantes desechables de látex multiusos talla M/L Vileda caja 10 unidades",
    "precio_unitario": "4,59 €",
    "precio_por_unidad": "(0,46 €/ud)",
    "imagen": "https://www.dia.es/product_images/108227/108227_ISO_0_ES.jpg?imwidth=392"
  },
  {
    "categoria": "Utensilios de limpieza",
    "nombre": "Bayeta especial posavajillas Spontex bolsa 1 unidad",
    "precio_unitario": "3,99 €",
    "precio_por_unidad": "(3,99 €/ud)",
    "imagen": "https://www.dia.es/product_images/1012/1012_ISO_0_ES.jpg?imwidth=392"
  },
  {
    "categoria": "Bolsas de basura",
    "nombre": "Bolsa de basura con autocierre azul 30 lt Super Paco de Dia 30 unidades",
    "precio_unitario": "1,59 €",
    "precio_por_unidad": "(0,05 €/ud)",
    "imagen": "https://www.dia.es/product_images/269319/269319_ISO_0_ES.jpg?imwidth=392"
  },
  {
    "categoria": "Bolsas de basura",
    "nombre": "Bolsa de basura con autocierre 50 lt Super Paco de Dia 15 unidades",
    "precio_unitario": "1,60 €",
    "precio_por_unidad": "(0,11 €/ud)",
    "imagen": "https://www.dia.es/product_images/269321/269321_ISO_0_ES.jpg?imwidth=392"
  },
  {
    "categoria": "Bolsas de basura",
    "nombre": "Bolsa de basura con autocierre perfumada 30 lt Super Paco de Dia 20 unidades",
    "precio_unitario": "1,50 €",
    "precio_por_unidad": "(0,08 €/ud)",
    "imagen": "https://www.dia.es/product_images/269322/269322_ISO_0_ES.jpg?imwidth=392"
  },
  {
    "categoria": "Bolsas de basura",
    "nombre": "Bolsa de basura con autocierre amarilla 30 lt Super Paco de Dia 30 unidades",
    "precio_unitario": "1,65 €",
    "precio_por_unidad": "(0,06 €/ud)",
    "imagen": "https://www.dia.es/product_images/269320/269320_ISO_0_ES.jpg?imwidth=392"
  },
  {
    "categoria": "Bolsas de basura",
    "nombre": "Bolsas de basura autocierre perfumadas 10 lt Super Paco de Dia 30 unidades",
    "precio_unitario": "1,01 €",
    "precio_por_unidad": "(0,03 €/ud)",
    "imagen": "https://www.dia.es/product_images/269323/269323_ISO_0_ES.jpg?imwidth=392"
  },
  {
    "categoria": "Bolsas de basura",
    "nombre": "Bolsa de basura comunidad 120 lt Super Paco de Dia 10 unidades",
    "precio_unitario": "1,55 €",
    "precio_por_unidad": "(0,16 €/ud)",
    "imagen": "https://www.dia.es/product_images/269318/269318_ISO_0_ES.jpg?imwidth=392"
  },
  {
    "categoria": "Bolsas de basura",
    "nombre": "Bolsa de basura compostable con autocierre 10 lt Super Paco de Dia 15 unidades",
    "precio_unitario": "1,75 €",
    "precio_por_unidad": "(0,12 €/ud)",
    "imagen": "https://www.dia.es/product_images/265000/265000_ISO_0_ES.jpg?imwidth=392"
  },
  {
    "categoria": "Lejía y otros químicos",
    "nombre": "Lejía con detergente Dia garrafa 2 l",
    "precio_unitario": "1,15 €",
    "precio_por_unidad": "(0,58 €/L)",
    "imagen": "https://www.dia.es/product_images/1662/1662_ISO_0_ES.jpg?imwidth=392"
  },
  {
    "categoria": "Lejía y otros químicos",
    "nombre": "Lejía Dia garrafa 5 l",
    "precio_unitario": "1,69 €",
    "precio_por_unidad": "(0,34 €/L)",
    "imagen": "https://www.dia.es/product_images/68802/68802_ISO_0_ES.jpg?imwidth=392"
  },
  {
    "categoria": "Lejía y otros químicos",
    "nombre": "Lejía con detergente Cloromax garrafa 2 l",
    "precio_unitario": "1,65 €",
    "precio_por_unidad": "(0,83 €/L)",
    "imagen": "https://www.dia.es/product_images/152111/152111_ISO_0_ES.jpg?imwidth=392"
  },
  {
    "categoria": "Lejía y otros químicos",
    "nombre": "Lejía con detergente limón Dia garrafa 2 l",
    "precio_unitario": "1,00 €",
    "precio_por_unidad": "(0,50 €/L)",
    "imagen": "https://www.dia.es/product_images/252380/252380_ISO_0_ES.jpg?imwidth=392"
  },
  {
    "categoria": "Lejía y otros químicos",
    "nombre": "Amoniaco perfumado Dia botella 1.5 l",
    "precio_unitario": "0,65 €",
    "precio_por_unidad": "(0,43 €/L)",
    "imagen": "https://www.dia.es/product_images/59626/59626_ISO_0_ES.jpg?imwidth=392"
  },
  {
    "categoria": "Lejía y otros químicos",
    "nombre": "Lejía hogar garrafa amarilla Dia garrafa 2 l",
    "precio_unitario": "0,80 €",
    "precio_por_unidad": "(0,40 €/L)",
    "imagen": "https://www.dia.es/product_images/49695/49695_ISO_0_ES.jpg?imwidth=392"
  },
  {
    "categoria": "Lejía y otros químicos",
    "nombre": "Lejía densa hogar Dia garrafa 2 l",
    "precio_unitario": "1,15 €",
    "precio_por_unidad": "(0,58 €/L)",
    "imagen": "https://www.dia.es/product_images/129117/129117_ISO_0_ES.jpg?imwidth=392"
  },
  {
    "categoria": "Lejía y otros químicos",
    "nombre": "Lejía con detergente limón Estrella botella 1.43 l",
    "precio_unitario": "2,65 €",
    "precio_por_unidad": "(1,85 €/L)",
    "imagen": "https://www.dia.es/product_images/283975/283975_ISO_0_ES.jpg?imwidth=392"
  },
  {
    "categoria": "Lejía y otros químicos",
    "nombre": "Quitamanchas oxy blanco puro Neutrex botella 950 ml",
    "precio_unitario": "3,99 €",
    "precio_por_unidad": "(4,20 €/L)",
    "imagen": "https://www.dia.es/product_images/289192/289192_ISO_0_ES.jpg?imwidth=392"
  },
  {
    "categoria": "Lejía y otros químicos",
    "nombre": "Amoniaco con detergente Dia botella 1.5 l",
    "precio_unitario": "0,95 €",
    "precio_por_unidad": "(0,63 €/L)",
    "imagen": "https://www.dia.es/product_images/277569/277569_ISO_0_ES.jpg?imwidth=392"
  },
  {
    "categoria": "Lejía y otros químicos",
    "nombre": "Lejía con detergente azul Estrella botella 1.43 l",
    "precio_unitario": "2,65 €",
    "precio_por_unidad": "(1,85 €/L)",
    "imagen": "https://www.dia.es/product_images/283974/283974_ISO_0_ES.jpg?imwidth=392"
  },
  {
    "categoria": "Lejía y otros químicos",
    "nombre": "Quitamanchas Vanish spray 750 ml",
    "precio_unitario": "4,39 €",
    "precio_por_unidad": "(5,85 €/L)",
    "imagen": "https://www.dia.es/product_images/282715/282715_ISO_0_ES.jpg?imwidth=392"
  },
  {
    "categoria": "Lejía y otros químicos",
    "nombre": "Blanqueador Blanco Nuclear 120 g",
    "precio_unitario": "2,89 €",
    "precio_por_unidad": "(24,08 €/kg)",
    "imagen": "https://www.dia.es/product_images/151828/151828_ISO_0_ES.jpg?imwidth=392"
  },
  {
    "categoria": "Lejía y otros químicos",
    "nombre": "Lejía todo uso Cloromax garrafa 5 l",
    "precio_unitario": "2,19 €",
    "precio_por_unidad": "(0,44 €/L)",
    "imagen": "https://www.dia.es/product_images/152110/152110_ISO_0_ES.jpg?imwidth=392"
  },
  {
    "categoria": "Lejía y otros químicos",
    "nombre": "Quitamanchas oxy color Neutrex botella 950 ml",
    "precio_unitario": "3,99 €",
    "precio_por_unidad": "(4,20 €/L)",
    "imagen": "https://www.dia.es/product_images/289191/289191_ISO_0_ES.jpg?imwidth=392"
  },
  {
    "categoria": "Lejía y otros químicos",
    "nombre": "Agua fuerte Dia botella 1 l",
    "precio_unitario": "0,99 €",
    "precio_por_unidad": "(0,99 €/L)",
    "imagen": "https://www.dia.es/product_images/129118/129118_ISO_0_ES.jpg?imwidth=392"
  },
  {
    "categoria": "Lejía y otros químicos",
    "nombre": "Quitamanchas original sin lejía KH-7 spray 780 ml",
    "precio_unitario": "5,29 €",
    "precio_por_unidad": "(6,78 €/L)",
    "imagen": "https://www.dia.es/product_images/300869/300869_ISO_0_ES.jpg?imwidth=392"
  },
  {
    "categoria": "Lejía y otros químicos",
    "nombre": "Aditivo desinfectante textil Sanytol botella 500 ml",
    "precio_unitario": "2,99 €",
    "precio_por_unidad": "(5,98 €/L)",
    "imagen": "https://www.dia.es/product_images/217670/217670_ISO_0_ES.jpg?imwidth=392"
  },
  {
    "categoria": "Lejía y otros químicos",
    "nombre": "Quitamanchas Vanish botella 900 ml",
    "precio_unitario": "5,49 €",
    "precio_por_unidad": "(6,10 €/L)",
    "imagen": "https://www.dia.es/product_images/44957/44957_ISO_0_ES.jpg?imwidth=392"
  },
  {
    "categoria": "Lejía y otros químicos",
    "nombre": "Aditivo desinfectante textil Lysol botella 720 ml",
    "precio_unitario": "2,75 €",
    "precio_por_unidad": "(3,82 €/L)",
    "imagen": "https://www.dia.es/product_images/269253/269253_ISO_0_ES.jpg?imwidth=392"
  },
  {
    "categoria": "Lejía y otros químicos",
    "nombre": "Quitamanchas experto en seco Cebralin spray 200 ml",
    "precio_unitario": "3,99 €",
    "precio_por_unidad": "(19,95 €/L)",
    "imagen": "https://www.dia.es/product_images/176284/176284_ISO_0_ES.jpg?imwidth=392"
  },
  {
    "categoria": "Lejía y otros químicos",
    "nombre": "Quitamanchas para ropa blanca Vanish bote 450 g",
    "precio_unitario": "5,49 €",
    "precio_por_unidad": "(12,20 €/kg)",
    "imagen": "https://www.dia.es/product_images/116100/116100_ISO_0_ES.jpg?imwidth=392"
  },
  {
    "categoria": "Lejía y otros químicos",
    "nombre": "Quitamanchas para ropa de color Vanish bote 450 g",
    "precio_unitario": "5,49 €",
    "precio_por_unidad": "(12,20 €/kg)",
    "imagen": "https://www.dia.es/product_images/116099/116099_ISO_0_ES.jpg?imwidth=392"
  },
  {
    "categoria": "Cristales y suelos",
    "nombre": "Friegasuelos aroma spa Super Paco de Dia botella 1.5 l",
    "precio_unitario": "0,95 €",
    "precio_por_unidad": "(0,63 €/L)",
    "imagen": "https://www.dia.es/product_images/269405/269405_ISO_0_ES.jpg?imwidth=392"
  },
  {
    "categoria": "Cristales y suelos",
    "nombre": "Friegasuelos aroma pino Super Paco de Dia botella 1.5 l",
    "precio_unitario": "0,95 €",
    "precio_por_unidad": "(0,63 €/L)",
    "imagen": "https://www.dia.es/product_images/269404/269404_ISO_0_ES.jpg?imwidth=392"
  },
  {
    "categoria": "Cristales y suelos",
    "nombre": "Limpiacristales Super Paco de Dia spray 1 l",
    "precio_unitario": "1,00 €",
    "precio_por_unidad": "(1,00 €/L)",
    "imagen": "https://www.dia.es/product_images/274782/274782_ISO_0_ES.jpg?imwidth=392"
  },
  {
    "categoria": "Cristales y suelos",
    "nombre": "Friegasuelos aroma colonia Super Paco de Dia botella 1.5 l",
    "precio_unitario": "0,95 €",
    "precio_por_unidad": "(0,63 €/L)",
    "imagen": "https://www.dia.es/product_images/269402/269402_ISO_0_ES.jpg?imwidth=392"
  },
  {
    "categoria": "Cristales y suelos",
    "nombre": "Friegasuelos concentrado rosa Super Paco de Dia botella 1 l",
    "precio_unitario": "1,70 €",
    "precio_por_unidad": "(1,70 €/L)",
    "imagen": "https://www.dia.es/product_images/269406/269406_ISO_0_ES.jpg?imwidth=392"
  },
  {
    "categoria": "Cristales y suelos",
    "nombre": "Friegasuelos concentrado cítrico Super Paco de Dia botella 1 l",
    "precio_unitario": "1,70 €",
    "precio_por_unidad": "(1,70 €/L)",
    "imagen": "https://www.dia.es/product_images/272371/272371_ISO_0_ES.jpg?imwidth=392"
  },
  {
    "categoria": "Cristales y suelos",
    "nombre": "Friegasuelos aroma limón Super Paco de Dia botella 1.5 l",
    "precio_unitario": "0,95 €",
    "precio_por_unidad": "(0,63 €/L)",
    "imagen": "https://www.dia.es/product_images/269403/269403_ISO_0_ES.jpg?imwidth=392"
  },
  {
    "categoria": "Cristales y suelos",
    "nombre": "Limpiador jabonoso madera Tenso pro botella 1 l",
    "precio_unitario": "1,95 €",
    "precio_por_unidad": "(1,95 €/L)",
    "imagen": "https://www.dia.es/product_images/289425/289425_ISO_0_ES.jpg?imwidth=392"
  },
  {
    "categoria": "Cristales y suelos",
    "nombre": "Limpiador concentrado para suelos y superficies Sanicentro botella 1.5 l",
    "precio_unitario": "2,49 €",
    "precio_por_unidad": "(1,66 €/L)",
    "imagen": "https://www.dia.es/product_images/199405/199405_ISO_0_ES.jpg?imwidth=392"
  },
  {
    "categoria": "Cristales y suelos",
    "nombre": "Limpiacristales cristalino Cristasol spray 750 ml",
    "precio_unitario": "2,59 €",
    "precio_por_unidad": "(3,45 €/L)",
    "imagen": "https://www.dia.es/product_images/39574/39574_ISO_0_ES.jpg?imwidth=392"
  },
  {
    "categoria": "Cristales y suelos",
    "nombre": "Toallitas limpiagafas Super Paco de Dia caja 30 unidades",
    "precio_unitario": "1,50 €",
    "precio_por_unidad": "(0,05 €/ud)",
    "imagen": "https://www.dia.es/product_images/51517/51517_ISO_0_ES.jpg?imwidth=392"
  },
  {
    "categoria": "Cristales y suelos",
    "nombre": "Fregasuelos concentrado con perfume intenso Asevi botella 900 ml",
    "precio_unitario": "2,45 €",
    "precio_por_unidad": "(2,72 €/L)",
    "imagen": "https://www.dia.es/product_images/221025/221025_ISO_0_ES.jpg?imwidth=392"
  },
  {
    "categoria": "Cristales y suelos",
    "nombre": "Fregasuelos concentrado aroma naranja Asevi botella 900 ml",
    "precio_unitario": "2,45 €",
    "precio_por_unidad": "(2,72 €/L)",
    "imagen": "https://www.dia.es/product_images/221081/221081_ISO_0_ES.jpg?imwidth=392"
  },
  {
    "categoria": "Cristales y suelos",
    "nombre": "Limpiacristales cristalino recambio Cristasol botella 750 ml",
    "precio_unitario": "2,29 €",
    "precio_por_unidad": "(3,05 €/L)",
    "imagen": "https://www.dia.es/product_images/303188/303188_ISO_0_ES.jpg?imwidth=392"
  },
  {
    "categoria": "Cristales y suelos",
    "nombre": "Limpiador multiusos lavanda Disiclin 1 l",
    "precio_unitario": "1,75 €",
    "precio_por_unidad": "(1,75 €/L)",
    "imagen": "https://www.dia.es/product_images/188985/188985_ISO_0_ES.jpg?imwidth=392"
  },
  {
    "categoria": "Cristales y suelos",
    "nombre": "Cera para suelos y madera Tenso pro botella 1 l",
    "precio_unitario": "2,99 €",
    "precio_por_unidad": "(2,99 €/L)",
    "imagen": "https://www.dia.es/product_images/294395/294395_ISO_0_ES.jpg?imwidth=392"
  },
  {
    "categoria": "Cristales y suelos",
    "nombre": "Limpiador jabonoso de madera Pronto botella 750 ml",
    "precio_unitario": "4,99 €",
    "precio_por_unidad": "(6,65 €/L)",
    "imagen": "https://www.dia.es/product_images/54278/54278_ISO_0_ES.jpg?imwidth=392"
  },
  {
    "categoria": "Limpia muebles y multiusos",
    "nombre": "Vinagre de limpieza Powervin botella 1 l",
    "precio_unitario": "0,90 €",
    "precio_por_unidad": "(0,90 €/L)",
    "imagen": "https://www.dia.es/product_images/304341/304341_ISO_0_ES.jpg?imwidth=392"
  },
  {
    "categoria": "Limpia muebles y multiusos",
    "nombre": "Limpiador multiusos Super Paco de Dia spray 1 l",
    "precio_unitario": "1,30 €",
    "precio_por_unidad": "(1,30 €/L)",
    "imagen": "https://www.dia.es/product_images/274788/274788_ISO_0_ES.jpg?imwidth=392"
  },
  {
    "categoria": "Limpia muebles y multiusos",
    "nombre": "Limpiador oxígeno activo Super Paco de Dia botella 1 l",
    "precio_unitario": "1,35 €",
    "precio_por_unidad": "(1,35 €/L)",
    "imagen": "https://www.dia.es/product_images/274790/274790_ISO_0_ES.jpg?imwidth=392"
  },
  {
    "categoria": "Limpia muebles y multiusos",
    "nombre": "Limpiahogar ph neutro Super Paco de Dia botella 1.5 l",
    "precio_unitario": "1,55 €",
    "precio_por_unidad": "(1,03 €/L)",
    "imagen": "https://www.dia.es/product_images/274791/274791_ISO_0_ES.jpg?imwidth=392"
  },
  {
    "categoria": "Limpia muebles y multiusos",
    "nombre": "Limpiador desinfectante multiusos Sanytol spray 750 ml",
    "precio_unitario": "2,99 €",
    "precio_por_unidad": "(3,99 €/L)",
    "imagen": "https://www.dia.es/product_images/154785/154785_ISO_0_ES.jpg?imwidth=392"
  },
  {
    "categoria": "Limpia muebles y multiusos",
    "nombre": "Limpiamuebles cuidado experto madera classic Pronto spray 250 ml",
    "precio_unitario": "2,89 €",
    "precio_por_unidad": "(11,56 €/L)",
    "imagen": "https://www.dia.es/product_images/293307/293307_ISO_0_ES.jpg?imwidth=392"
  },
  {
    "categoria": "Limpia muebles y multiusos",
    "nombre": "Limpiador potente Super Paco de Dia spray 1 l",
    "precio_unitario": "1,85 €",
    "precio_por_unidad": "(1,85 €/L)",
    "imagen": "https://www.dia.es/product_images/301082/301082_ISO_0_ES.jpg?imwidth=392"
  },
  {
    "categoria": "Limpia muebles y multiusos",
    "nombre": "Toallitas limpiadoras multiusos Super Paco de Dia bolsa 80 unidades",
    "precio_unitario": "1,99 €",
    "precio_por_unidad": "(0,02 €/ud)",
    "imagen": "https://www.dia.es/product_images/2775/2775_ISO_0_ES.jpg?imwidth=392"
  },
  {
    "categoria": "Limpia muebles y multiusos",
    "nombre": "Desengrasante cítrico Super Paco de Dia spray 1 l",
    "precio_unitario": "1,85 €",
    "precio_por_unidad": "(1,85 €/L)",
    "imagen": "https://www.dia.es/product_images/301081/301081_ISO_0_ES.jpg?imwidth=392"
  },
  {
    "categoria": "Limpia muebles y multiusos",
    "nombre": "Limpiador gel baño Super Paco de Dia botella 1.5 l",
    "precio_unitario": "1,45 €",
    "precio_por_unidad": "(0,97 €/L)",
    "imagen": "https://www.dia.es/product_images/274787/274787_ISO_0_ES.jpg?imwidth=392"
  },
  {
    "categoria": "Limpia muebles y multiusos",
    "nombre": "Alcohol de limpieza perfumado Super Paco de Dia spray 300 ml",
    "precio_unitario": "1,65 €",
    "precio_por_unidad": "(5,50 €/L)",
    "imagen": "https://www.dia.es/product_images/265954/265954_ISO_0_ES.jpg?imwidth=392"
  },
  {
    "categoria": "Limpia muebles y multiusos",
    "nombre": "Quitagrasas líquido original KH-7 spray 780 ml",
    "precio_unitario": "3,69 €",
    "precio_por_unidad": "(4,73 €/L)",
    "imagen": "https://www.dia.es/product_images/283410/283410_ISO_0_ES.jpg?imwidth=392"
  },
  {
    "categoria": "Limpia muebles y multiusos",
    "nombre": "Limpiamuebles Hechicera spray 400 ml",
    "precio_unitario": "3,19 €",
    "precio_por_unidad": "(7,98 €/L)",
    "imagen": "https://www.dia.es/product_images/275611/275611_ISO_0_ES.jpg?imwidth=392"
  },
  {
    "categoria": "Limpia muebles y multiusos",
    "nombre": "Limpiador desinfectante limpiahogar Sanytol botella 1.2 l",
    "precio_unitario": "3,25 €",
    "precio_por_unidad": "(2,71 €/L)",
    "imagen": "https://www.dia.es/product_images/153923/153923_ISO_0_ES.jpg?imwidth=392"
  },
  {
    "categoria": "Limpia muebles y multiusos",
    "nombre": "Desinfectante multiusos gerpostar plus Asevi botella 750 ml",
    "precio_unitario": "2,55 €",
    "precio_por_unidad": "(3,40 €/L)",
    "imagen": "https://www.dia.es/product_images/223244/223244_ISO_0_ES.jpg?imwidth=392"
  },
  {
    "categoria": "Limpia muebles y multiusos",
    "nombre": "Limpiador multiusos con lejía Sanicentro spray 750 ml",
    "precio_unitario": "2,25 €",
    "precio_por_unidad": "(3,00 €/L)",
    "imagen": "https://www.dia.es/product_images/297420/297420_ISO_0_ES.jpg?imwidth=392"
  },
  {
    "categoria": "Limpia muebles y multiusos",
    "nombre": "Limpiador desinfectante baños Sanytol spray 750 ml",
    "precio_unitario": "3,25 €",
    "precio_por_unidad": "(4,33 €/L)",
    "imagen": "https://www.dia.es/product_images/188482/188482_ISO_0_ES.jpg?imwidth=392"
  },
  {
    "categoria": "Limpia muebles y multiusos",
    "nombre": "Recarga limpiador desinfectante multiusos eucaliptus Sanytol bolsa 750 ml",
    "precio_unitario": "2,49 €",
    "precio_por_unidad": "(3,32 €/L)",
    "imagen": "https://www.dia.es/product_images/295847/295847_ISO_0_ES.jpg?imwidth=392"
  },
  {
    "categoria": "Limpia muebles y multiusos",
    "nombre": "Limpiahogar pino con bioalcohol Super Paco de Dia botella 1.5 l",
    "precio_unitario": "1,60 €",
    "precio_por_unidad": "(1,07 €/L)",
    "imagen": "https://www.dia.es/product_images/274792/274792_ISO_0_ES.jpg?imwidth=392"
  },
  {
    "categoria": "Limpia muebles y multiusos",
    "nombre": "Limpiador de hogar multiusos lavanda Ajax botella 1.25 l",
    "precio_unitario": "2,69 €",
    "precio_por_unidad": "(2,15 €/L)",
    "imagen": "https://www.dia.es/product_images/157027/157027_ISO_0_ES.jpg?imwidth=392"
  },
  {
    "categoria": "Limpia muebles y multiusos",
    "nombre": "Limpiador con bioalcohol aloe vera Tenn botella 1.3 l",
    "precio_unitario": "3,69 €",
    "precio_por_unidad": "(2,84 €/L)",
    "imagen": "https://www.dia.es/product_images/85349/85349_ISO_0_ES.jpg?imwidth=392"
  },
  {
    "categoria": "Limpia muebles y multiusos",
    "nombre": "Limpiador de baño ultra brillo y limpieza Cillit bang spray 750 ml",
    "precio_unitario": "4,49 €",
    "precio_por_unidad": "(5,99 €/L)",
    "imagen": "https://www.dia.es/product_images/71364/71364_ISO_0_ES.jpg?imwidth=392"
  },
  {
    "categoria": "Limpia muebles y multiusos",
    "nombre": "Limpiahogar universal con bioalcohol Tenn botella 1.3 l",
    "precio_unitario": "3,69 €",
    "precio_por_unidad": "(2,84 €/L)",
    "imagen": "https://www.dia.es/product_images/48149/48149_ISO_0_ES.jpg?imwidth=392"
  },
  {
    "categoria": "Limpia muebles y multiusos",
    "nombre": "Limpiador multiusos Glassex spray 750 ml",
    "precio_unitario": "2,75 €",
    "precio_por_unidad": "(3,67 €/L)",
    "imagen": "https://www.dia.es/product_images/43932/43932_ISO_0_ES.jpg?imwidth=392"
  },
  {
    "categoria": "Limpia muebles y multiusos",
    "nombre": "Limpiador multiusos con bioalcohol Tenn spray 750 ml",
    "precio_unitario": "3,29 €",
    "precio_por_unidad": "(4,39 €/L)",
    "imagen": "https://www.dia.es/product_images/301444/301444_ISO_0_ES.jpg?imwidth=392"
  },
  {
    "categoria": "Limpia muebles y multiusos",
    "nombre": "Limpiador de baño Super Paco de Dia spray 1 l",
    "precio_unitario": "1,95 €",
    "precio_por_unidad": "(1,95 €/L)",
    "imagen": "https://www.dia.es/product_images/301085/301085_ISO_0_ES.jpg?imwidth=392"
  },
  {
    "categoria": "Limpia muebles y multiusos",
    "nombre": "Limpiador de baño antical Super Paco de Dia spray 1 l",
    "precio_unitario": "1,89 €",
    "precio_por_unidad": "(1,89 €/L)",
    "imagen": "https://www.dia.es/product_images/301084/301084_ISO_0_ES.jpg?imwidth=392"
  },
  {
    "categoria": "Limpia muebles y multiusos",
    "nombre": "Limpiador de baño acción total Super Paco de Dia spray 1 l",
    "precio_unitario": "1,95 €",
    "precio_por_unidad": "(1,95 €/L)",
    "imagen": "https://www.dia.es/product_images/301083/301083_ISO_0_ES.jpg?imwidth=392"
  },
  {
    "categoria": "Limpia muebles y multiusos",
    "nombre": "Limpiador quitagrasas cítrico con bioalcohol Tenn spray 750 ml",
    "precio_unitario": "3,39 €",
    "precio_por_unidad": "(4,52 €/L)",
    "imagen": "https://www.dia.es/product_images/297654/297654_ISO_0_ES.jpg?imwidth=392"
  },
  {
    "categoria": "Limpia muebles y multiusos",
    "nombre": "Desatascador baño acción turbo Sanicentro botella 1 l",
    "precio_unitario": "4,25 €",
    "precio_por_unidad": "(4,25 €/L)",
    "imagen": "https://www.dia.es/product_images/297419/297419_ISO_0_ES.jpg?imwidth=392"
  },
  {
    "categoria": "Limpia muebles y multiusos",
    "nombre": "Limpiador multiusos aire polar Disiclin botella 1 l",
    "precio_unitario": "1,75 €",
    "precio_por_unidad": "(1,75 €/L)",
    "imagen": "https://www.dia.es/product_images/297021/297021_ISO_0_ES.jpg?imwidth=392"
  },
  {
    "categoria": "Limpia muebles y multiusos",
    "nombre": "Limpiador multiusos concentrado silver Disiclin botella 900 ml",
    "precio_unitario": "1,99 €",
    "precio_por_unidad": "(2,21 €/L)",
    "imagen": "https://www.dia.es/product_images/297020/297020_ISO_0_ES.jpg?imwidth=392"
  },
  {
    "categoria": "Limpia muebles y multiusos",
    "nombre": "Limpiador multiusos concentrado gold Disiclin botella 900 ml",
    "precio_unitario": "1,99 €",
    "precio_por_unidad": "(2,21 €/L)",
    "imagen": "https://www.dia.es/product_images/297017/297017_ISO_0_ES.jpg?imwidth=392"
  },
  {
    "categoria": "Limpia muebles y multiusos",
    "nombre": "Desatascador de tuberías turbo WC Net botella 1 l",
    "precio_unitario": "8,99 €",
    "precio_por_unidad": "(8,99 €/L)",
    "imagen": "https://www.dia.es/product_images/292666/292666_ISO_0_ES.jpg?imwidth=392"
  },
  {
    "categoria": "Limpia muebles y multiusos",
    "nombre": "Limpiador desinfectante cocina frescor limón Lysol spray 750 ml",
    "precio_unitario": "2,99 €",
    "precio_por_unidad": "(3,99 €/L)",
    "imagen": "https://www.dia.es/product_images/291139/291139_ISO_0_ES.jpg?imwidth=392"
  },
  {
    "categoria": "Limpia muebles y multiusos",
    "nombre": "Limpiador de baño desinfectante sin lejía antical Lysol spray 750 ml",
    "precio_unitario": "2,99 €",
    "precio_por_unidad": "(3,99 €/L)",
    "imagen": "https://www.dia.es/product_images/291138/291138_ISO_0_ES.jpg?imwidth=392"
  },
  {
    "categoria": "Limpia muebles y multiusos",
    "nombre": "Desinfectante multiusos frescor manzana Lysol spray 750 ml",
    "precio_unitario": "2,99 €",
    "precio_por_unidad": "(3,99 €/L)",
    "imagen": "https://www.dia.es/product_images/291137/291137_ISO_0_ES.jpg?imwidth=392"
  },
  {
    "categoria": "Limpia muebles y multiusos",
    "nombre": "Limpiador cocina/baño Ecocleox spray 500 ml",
    "precio_unitario": "3,99 €",
    "precio_por_unidad": "(7,98 €/L)",
    "imagen": "https://www.dia.es/product_images/279923/279923_ISO_0_ES.jpg?imwidth=392"
  },
  {
    "categoria": "Limpia muebles y multiusos",
    "nombre": "Limpiador cocina/baño Ecocleox spray 500 ml",
    "precio_unitario": "3,99 €",
    "precio_por_unidad": "(7,98 €/L)",
    "imagen": "https://www.dia.es/product_images/279922/279922_ISO_0_ES.jpg?imwidth=392"
  },
  {
    "categoria": "Limpia muebles y multiusos",
    "nombre": "Limpiador multiusos Sanicentro spray 750 ml",
    "precio_unitario": "2,39 €",
    "precio_por_unidad": "(3,19 €/L)",
    "imagen": "https://www.dia.es/product_images/258941/258941_ISO_0_ES.jpg?imwidth=392"
  },
  {
    "categoria": "Limpia muebles y multiusos",
    "nombre": "Limpiador antimoho y manchas de humedad Sanicentro botella 750 ml",
    "precio_unitario": "3,59 €",
    "precio_por_unidad": "(4,79 €/L)",
    "imagen": "https://www.dia.es/product_images/258332/258332_ISO_0_ES.jpg?imwidth=392"
  },
  {
    "categoria": "Limpia muebles y multiusos",
    "nombre": "Quitagrasas Asevi spray 750 ml",
    "precio_unitario": "3,25 €",
    "precio_por_unidad": "(4,33 €/L)",
    "imagen": "https://www.dia.es/product_images/234521/234521_ISO_0_ES.jpg?imwidth=392"
  },
  {
    "categoria": "Limpia muebles y multiusos",
    "nombre": "Limpiador suciedad humedad Cillit bang spray 750 ml",
    "precio_unitario": "4,85 €",
    "precio_por_unidad": "(6,47 €/L)",
    "imagen": "https://www.dia.es/product_images/234278/234278_ISO_0_ES.jpg?imwidth=392"
  },
  {
    "categoria": "Limpia muebles y multiusos",
    "nombre": "Limpiador desinfectante cocinas Sanytol spray 750 ml",
    "precio_unitario": "3,25 €",
    "precio_por_unidad": "(4,33 €/L)",
    "imagen": "https://www.dia.es/product_images/233091/233091_ISO_0_ES.jpg?imwidth=392"
  },
  {
    "categoria": "Limpia muebles y multiusos",
    "nombre": "Limpiador multi desinfectante Sanicentro botella 2 l",
    "precio_unitario": "2,55 €",
    "precio_por_unidad": "(1,28 €/L)",
    "imagen": "https://www.dia.es/product_images/225563/225563_ISO_0_ES.jpg?imwidth=392"
  },
  {
    "categoria": "Limpia muebles y multiusos",
    "nombre": "Limpiador de hogar pino frescor y limpieza Ajax botella 1.25 l",
    "precio_unitario": "2,69 €",
    "precio_por_unidad": "(2,15 €/L)",
    "imagen": "https://www.dia.es/product_images/199790/199790_ISO_0_ES.jpg?imwidth=392"
  },
  {
    "categoria": "Limpia muebles y multiusos",
    "nombre": "Toallitas desinfectantes Sanytol bolsa 30 unidades",
    "precio_unitario": "2,29 €",
    "precio_por_unidad": "(0,08 €/ud)",
    "imagen": "https://www.dia.es/product_images/156598/156598_ISO_0_ES.jpg?imwidth=392"
  },
  {
    "categoria": "Limpia muebles y multiusos",
    "nombre": "Limpiador multiusos Cillit bang spray 1 l",
    "precio_unitario": "3,89 €",
    "precio_por_unidad": "(3,89 €/L)",
    "imagen": "https://www.dia.es/product_images/155089/155089_ISO_0_ES.jpg?imwidth=392"
  },
  {
    "categoria": "Limpia muebles y multiusos",
    "nombre": "Limpiador multiusos Cristasol spray 750 ml",
    "precio_unitario": "2,59 €",
    "precio_por_unidad": "(3,45 €/L)",
    "imagen": "https://www.dia.es/product_images/151697/151697_ISO_0_ES.jpg?imwidth=392"
  },
  {
    "categoria": "Limpieza baño y WC",
    "nombre": "Gel limpiador wc lejía perfumada Super Paco de Dia botella 1 l",
    "precio_unitario": "0,95 €",
    "precio_por_unidad": "(0,95 €/L)",
    "imagen": "https://www.dia.es/product_images/269409/269409_ISO_0_ES.jpg?imwidth=392"
  },
  {
    "categoria": "Limpieza baño y WC",
    "nombre": "Gel limpiador wc azul marino Super Paco de Dia botella 1 l",
    "precio_unitario": "1,15 €",
    "precio_por_unidad": "(1,15 €/L)",
    "imagen": "https://www.dia.es/product_images/269407/269407_ISO_0_ES.jpg?imwidth=392"
  },
  {
    "categoria": "Limpieza baño y WC",
    "nombre": "Gel limpiador wc pino Super Paco de Dia botella 1 l",
    "precio_unitario": "1,15 €",
    "precio_por_unidad": "(1,15 €/L)",
    "imagen": "https://www.dia.es/product_images/269408/269408_ISO_0_ES.jpg?imwidth=392"
  },
  {
    "categoria": "Limpieza baño y WC",
    "nombre": "Colgador para wc floral Super Paco de Dia blister 2 unidades",
    "precio_unitario": "1,69 €",
    "precio_por_unidad": "(0,85 €/ud)",
    "imagen": "https://www.dia.es/product_images/285543/285543_ISO_0_ES.jpg?imwidth=392"
  },
  {
    "categoria": "Limpieza baño y WC",
    "nombre": "Colgador para wc agua azul Super Paco de Dia blister 2 unidades",
    "precio_unitario": "1,69 €",
    "precio_por_unidad": "(0,85 €/ud)",
    "imagen": "https://www.dia.es/product_images/285544/285544_ISO_0_ES.jpg?imwidth=392"
  },
  {
    "categoria": "Limpieza baño y WC",
    "nombre": "Gel desatascador para tuberías Super Paco de Dia botella 1 l",
    "precio_unitario": "1,85 €",
    "precio_por_unidad": "(1,85 €/L)",
    "imagen": "https://www.dia.es/product_images/274783/274783_ISO_0_ES.jpg?imwidth=392"
  },
  {
    "categoria": "Limpieza baño y WC",
    "nombre": "Colgador para wc limón Super Paco de Dia blister 2 unidades",
    "precio_unitario": "1,69 €",
    "precio_por_unidad": "(0,85 €/ud)",
    "imagen": "https://www.dia.es/product_images/285541/285541_ISO_0_ES.jpg?imwidth=392"
  },
  {
    "categoria": "Limpieza baño y WC",
    "nombre": "Gel desinfectante wc con lejía frescor cítrico Sanicentro botella 1 l",
    "precio_unitario": "1,95 €",
    "precio_por_unidad": "(1,95 €/L)",
    "imagen": "https://www.dia.es/product_images/199564/199564_ISO_0_ES.jpg?imwidth=392"
  },
  {
    "categoria": "Limpieza baño y WC",
    "nombre": "Block wc pino poder activo Bref blister 2 unidades",
    "precio_unitario": "2,95 €",
    "precio_por_unidad": "(1,48 €/ud)",
    "imagen": "https://www.dia.es/product_images/170686/170686_ISO_0_ES.jpg?imwidth=392"
  },
  {
    "categoria": "Limpieza baño y WC",
    "nombre": "Colgador para wc pino Super Paco de Dia blister 2 unidades",
    "precio_unitario": "1,69 €",
    "precio_por_unidad": "(0,85 €/ud)",
    "imagen": "https://www.dia.es/product_images/285542/285542_ISO_0_ES.jpg?imwidth=392"
  },
  {
    "categoria": "Limpieza baño y WC",
    "nombre": "Gel desinfectante wc aroma fresco Sanicentro botella 1 l",
    "precio_unitario": "1,95 €",
    "precio_por_unidad": "(1,95 €/L)",
    "imagen": "https://www.dia.es/product_images/289546/289546_ISO_0_ES.jpg?imwidth=392"
  },
  {
    "categoria": "Limpieza baño y WC",
    "nombre": "Limpiador de baño con bioalcohol Tenn botella 1.3 l",
    "precio_unitario": "3,69 €",
    "precio_por_unidad": "(2,84 €/L)",
    "imagen": "https://www.dia.es/product_images/153627/153627_ISO_0_ES.jpg?imwidth=392"
  },
  {
    "categoria": "Limpieza baño y WC",
    "nombre": "Gel limpiador wc 3 en 1 océano Pato botella 750 ml",
    "precio_unitario": "2,99 €",
    "precio_por_unidad": "(3,99 €/L)",
    "imagen": "https://www.dia.es/product_images/1856/1856_ISO_0_ES.jpg?imwidth=392"
  },
  {
    "categoria": "Limpieza baño y WC",
    "nombre": "Discos activos aroma lima fresca Pato caja 2 unidades",
    "precio_unitario": "5,29 €",
    "precio_por_unidad": "(2,65 €/ud)",
    "imagen": "https://www.dia.es/product_images/146241/146241_ISO_0_ES.jpg?imwidth=392"
  },
  {
    "categoria": "Limpieza baño y WC",
    "nombre": "Desatascador de tuberías cabellos WC Net garrafa 1 l",
    "precio_unitario": "6,99 €",
    "precio_por_unidad": "(6,99 €/L)",
    "imagen": "https://www.dia.es/product_images/162323/162323_ISO_0_ES.jpg?imwidth=392"
  },
  {
    "categoria": "Limpieza baño y WC",
    "nombre": "Block wc azul poder activo Bref blister 1 unidad",
    "precio_unitario": "2,15 €",
    "precio_por_unidad": "(2,15 €/ud)",
    "imagen": "https://www.dia.es/product_images/210850/210850_ISO_0_ES.jpg?imwidth=392"
  },
  {
    "categoria": "Limpieza baño y WC",
    "nombre": "Discos activos aparato aroma lima Pato blister 1 unidad",
    "precio_unitario": "3,49 €",
    "precio_por_unidad": "(0,58 €/ud)",
    "imagen": "https://www.dia.es/product_images/146104/146104_ISO_0_ES.jpg?imwidth=392"
  },
  {
    "categoria": "Limpieza baño y WC",
    "nombre": "Block wc deluxe delicate magnolia Bref blister 1 unidad",
    "precio_unitario": "2,19 €",
    "precio_por_unidad": "(2,19 €/ud)",
    "imagen": "https://www.dia.es/product_images/275983/275983_ISO_0_ES.jpg?imwidth=392"
  },
  {
    "categoria": "Limpieza baño y WC",
    "nombre": "Gel denso desatascador WC Net botella 1 l",
    "precio_unitario": "6,99 €",
    "precio_por_unidad": "(6,99 €/L)",
    "imagen": "https://www.dia.es/product_images/186686/186686_ISO_0_ES.jpg?imwidth=392"
  },
  {
    "categoria": "Limpieza cocina y vitrocerámica",
    "nombre": "Limpiador de vitrocerámica Super Paco de Dia spray 500 ml",
    "precio_unitario": "1,75 €",
    "precio_por_unidad": "(3,50 €/L)",
    "imagen": "https://www.dia.es/product_images/274781/274781_ISO_0_ES.jpg?imwidth=392"
  },
  {
    "categoria": "Limpieza cocina y vitrocerámica",
    "nombre": "Limpiador de vitrocerámica en crema Super Paco de Dia botella 500 ml",
    "precio_unitario": "2,00 €",
    "precio_por_unidad": "(4,00 €/L)",
    "imagen": "https://www.dia.es/product_images/274780/274780_ISO_0_ES.jpg?imwidth=392"
  },
  {
    "categoria": "Limpieza cocina y vitrocerámica",
    "nombre": "Limpiador vitrocerámica crema Vitroclen botella 200 ml",
    "precio_unitario": "3,89 €",
    "precio_por_unidad": "(19,45 €/L)",
    "imagen": "https://www.dia.es/product_images/130058/130058_ISO_0_ES.jpg?imwidth=392"
  },
  {
    "categoria": "Lavavajillas",
    "nombre": "Lavavajillas concentrado ultra Super Paco de Dia botella 1 l",
    "precio_unitario": "1,46 €",
    "precio_por_unidad": "(1,46 €/L)",
    "imagen": "https://www.dia.es/product_images/273983/273983_ISO_0_ES.jpg?imwidth=392"
  },
  {
    "categoria": "Lavavajillas",
    "nombre": "Lavavajillas concentrado ultra Super Paco de Dia botella 500 ml",
    "precio_unitario": "0,92 €",
    "precio_por_unidad": "(1,84 €/L)",
    "imagen": "https://www.dia.es/product_images/273987/273987_ISO_0_ES.jpg?imwidth=392"
  },
  {
    "categoria": "Lavavajillas",
    "nombre": "Lavavajillas Super Paco de Dia botella 1.5 l",
    "precio_unitario": "1,27 €",
    "precio_por_unidad": "(0,85 €/L)",
    "imagen": "https://www.dia.es/product_images/274543/274543_ISO_0_ES.jpg?imwidth=392"
  },
  {
    "categoria": "Lavavajillas",
    "nombre": "Gel lavavajillas máquina todo en 1 Super Paco de Dia botella 720 ml",
    "precio_unitario": "3,35 €",
    "precio_por_unidad": "(4,65 €/L)",
    "imagen": "https://www.dia.es/product_images/273995/273995_ISO_0_ES.jpg?imwidth=392"
  },
  {
    "categoria": "Lavavajillas",
    "nombre": "Lavavajillas máquina todo en 1 Super Paco de Dia bolsa 40 unidades",
    "precio_unitario": "3,93 €",
    "precio_por_unidad": "(0,10 €/ud)",
    "imagen": "https://www.dia.es/product_images/274027/274027_ISO_0_ES.jpg?imwidth=392"
  },
  {
    "categoria": "Lavavajillas",
    "nombre": "Lavavajillas mano concentrado ultra Fairy botella 1.15 l",
    "precio_unitario": "4,79 €",
    "precio_por_unidad": "(4,17 €/L)",
    "imagen": "https://www.dia.es/product_images/160996/160996_ISO_0_ES.jpg?imwidth=392"
  },
  {
    "categoria": "Lavavajillas",
    "nombre": "Abrillantador para lavavajillas máquina Super Paco de Dia botella 1 l",
    "precio_unitario": "1,60 €",
    "precio_por_unidad": "(1,60 €/L)",
    "imagen": "https://www.dia.es/product_images/26327/26327_ISO_0_ES.jpg?imwidth=392"
  },
  {
    "categoria": "Lavavajillas",
    "nombre": "Lavavajillas mano concentrado ultra Fairy botella 480 ml",
    "precio_unitario": "2,99 €",
    "precio_por_unidad": "(6,23 €/L)",
    "imagen": "https://www.dia.es/product_images/227325/227325_ISO_0_ES.jpg?imwidth=392"
  },
  {
    "categoria": "Lavavajillas",
    "nombre": "Ambientador lavavajillas aroma limón Relevi blister 2 unidades",
    "precio_unitario": "1,55 €",
    "precio_por_unidad": "(0,78 €/ud)",
    "imagen": "https://www.dia.es/product_images/289795/289795_ISO_0_ES.jpg?imwidth=392"
  },
  {
    "categoria": "Lavavajillas",
    "nombre": "Lavavajillas mano concentrado dermo Super Paco de Dia botella 1 l",
    "precio_unitario": "1,75 €",
    "precio_por_unidad": "(1,75 €/L)",
    "imagen": "https://www.dia.es/product_images/273993/273993_ISO_0_ES.jpg?imwidth=392"
  },
  {
    "categoria": "Lavavajillas",
    "nombre": "Sal para lavavajillas Super Paco de Dia bolsa 2 Kg",
    "precio_unitario": "0,95 €",
    "precio_por_unidad": "(0,48 €/kg)",
    "imagen": "https://www.dia.es/product_images/298252/298252_ISO_0_ES.jpg?imwidth=392"
  },
  {
    "categoria": "Lavavajillas",
    "nombre": "Lavavajillas máquina poder plus Super Paco de Dia bolsa 25 unidades",
    "precio_unitario": "4,79 €",
    "precio_por_unidad": "(0,19 €/ud)",
    "imagen": "https://www.dia.es/product_images/274028/274028_ISO_0_ES.jpg?imwidth=392"
  },
  {
    "categoria": "Lavavajillas",
    "nombre": "Lavavajillas máquina todo en uno powerball Finish bolsa 48 unidades",
    "precio_unitario": "12,99 €",
    "precio_por_unidad": "(0,27 €/ud)",
    "imagen": "https://www.dia.es/product_images/170216/170216_ISO_0_ES.jpg?imwidth=392"
  },
  {
    "categoria": "Lavavajillas",
    "nombre": "Lavavajillas máquina classic Super Paco de Dia caja 45 unidades",
    "precio_unitario": "3,53 €",
    "precio_por_unidad": "(0,08 €/ud)",
    "imagen": "https://www.dia.es/product_images/274026/274026_ISO_0_ES.jpg?imwidth=392"
  },
  {
    "categoria": "Lavavajillas",
    "nombre": "Lavavajillas máquina todo en 1 limón Somat botella 640 ml",
    "precio_unitario": "6,89 €",
    "precio_por_unidad": "(10,77 €/L)",
    "imagen": "https://www.dia.es/product_images/289195/289195_ISO_0_ES.jpg?imwidth=392"
  },
  {
    "categoria": "Lavavajillas",
    "nombre": "Lavavajillas máquina ultra platinum Fairy bolsa 35 unidades",
    "precio_unitario": "9,99 €",
    "precio_por_unidad": "(0,29 €/ud)",
    "imagen": "https://www.dia.es/product_images/155428/155428_ISO_0_ES.jpg?imwidth=392"
  },
  {
    "categoria": "Lavavajillas",
    "nombre": "Lavavajillas mano formula mejorada Flota botella 1.1 l",
    "precio_unitario": "1,59 €",
    "precio_por_unidad": "(1,45 €/L)",
    "imagen": "https://www.dia.es/product_images/151954/151954_ISO_0_ES.jpg?imwidth=392"
  },
  {
    "categoria": "Lavavajillas",
    "nombre": "Limpiador para máquina lavavajillas Finish botella 250 ml",
    "precio_unitario": "3,69 €",
    "precio_por_unidad": "(14,76 €/L)",
    "imagen": "https://www.dia.es/product_images/73780/73780_ISO_0_ES.jpg?imwidth=392"
  },
  {
    "categoria": "Lavavajillas",
    "nombre": "Lavavajillas mano concentrado limón Super Paco de Dia botella 1 l",
    "precio_unitario": "1,75 €",
    "precio_por_unidad": "(1,75 €/L)",
    "imagen": "https://www.dia.es/product_images/273990/273990_ISO_0_ES.jpg?imwidth=392"
  },
  {
    "categoria": "Lavavajillas",
    "nombre": "Lavavajillas mano concentrado aloe vera y pepino Fairy botella 650 ml",
    "precio_unitario": "2,99 €",
    "precio_por_unidad": "(4,60 €/L)",
    "imagen": "https://www.dia.es/product_images/301636/301636_ISO_0_ES.jpg?imwidth=392"
  },
  {
    "categoria": "Lavavajillas",
    "nombre": "Abrillantador para lavavajillas máquina Finish botella 500 ml",
    "precio_unitario": "4,99 €",
    "precio_por_unidad": "(9,98 €/L)",
    "imagen": "https://www.dia.es/product_images/40707/40707_ISO_0_ES.jpg?imwidth=392"
  },
  {
    "categoria": "Lavavajillas",
    "nombre": "Lavavajillas turbo espuma Disiclin spray 750 ml",
    "precio_unitario": "2,99 €",
    "precio_por_unidad": "(3,99 €/L)",
    "imagen": "https://www.dia.es/product_images/303327/303327_ISO_0_ES.jpg?imwidth=392"
  },
  {
    "categoria": "Lavavajillas",
    "nombre": "Lavavajillas máquina original limón Fairy bolsa 41 unidades",
    "precio_unitario": "13,49 €",
    "precio_por_unidad": "(0,33 €/ud)",
    "imagen": "https://www.dia.es/product_images/301141/301141_ISO_0_ES.jpg?imwidth=392"
  },
  {
    "categoria": "Lavavajillas",
    "nombre": "Lavavajillas máquina todo en 1 lima y limón Somat botella 1.08 l",
    "precio_unitario": "9,99 €",
    "precio_por_unidad": "(9,25 €/L)",
    "imagen": "https://www.dia.es/product_images/296097/296097_ISO_0_ES.jpg?imwidth=392"
  },
  {
    "categoria": "Lavavajillas",
    "nombre": "Lavavajillas ultra plus Mistol botella 650 ml",
    "precio_unitario": "2,69 €",
    "precio_por_unidad": "(4,14 €/L)",
    "imagen": "https://www.dia.es/product_images/290995/290995_ISO_0_ES.jpg?imwidth=392"
  },
  {
    "categoria": "Lavavajillas",
    "nombre": "Lavavajillas mano concentrado ultra poder Fairy botella 1.015 l",
    "precio_unitario": "7,69 €",
    "precio_por_unidad": "(7,58 €/L)",
    "imagen": "https://www.dia.es/product_images/290457/290457_ISO_0_ES.jpg?imwidth=392"
  },
  {
    "categoria": "Lavavajillas",
    "nombre": "Lavavajillas mano concentrado Alin botella 750 ml",
    "precio_unitario": "1,49 €",
    "precio_por_unidad": "(1,99 €/L)",
    "imagen": "https://www.dia.es/product_images/287686/287686_ISO_0_ES.jpg?imwidth=392"
  },
  {
    "categoria": "Lavavajillas",
    "nombre": "Lavavajillas mano maxi poder anti-goteo Fairy botella 440 ml",
    "precio_unitario": "4,49 €",
    "precio_por_unidad": "(10,20 €/L)",
    "imagen": "https://www.dia.es/product_images/283504/283504_ISO_0_ES.jpg?imwidth=392"
  },
  {
    "categoria": "Lavavajillas",
    "nombre": "Lavavajillas máquina excellence Somat bolsa 20 unidades",
    "precio_unitario": "7,99 €",
    "precio_por_unidad": "(0,40 €/ud)",
    "imagen": "https://www.dia.es/product_images/280245/280245_ISO_0_ES.jpg?imwidth=392"
  },
  {
    "categoria": "Lavavajillas",
    "nombre": "Lavavajillas mano concentrado extra higiene Fairy botella 500 ml",
    "precio_unitario": "4,69 €",
    "precio_por_unidad": "(9,38 €/L)",
    "imagen": "https://www.dia.es/product_images/275403/275403_ISO_0_ES.jpg?imwidth=392"
  },
  {
    "categoria": "Lavavajillas",
    "nombre": "Lavavajillas mano ultra poder Fairy botella 450 ml",
    "precio_unitario": "3,99 €",
    "precio_por_unidad": "(8,87 €/L)",
    "imagen": "https://www.dia.es/product_images/261583/261583_ISO_0_ES.jpg?imwidth=392"
  },
  {
    "categoria": "Lavavajillas",
    "nombre": "Lavavajillas máquina todo en uno limón Finish botella 700 ml",
    "precio_unitario": "7,49 €",
    "precio_por_unidad": "(10,70 €/L)",
    "imagen": "https://www.dia.es/product_images/225301/225301_ISO_0_ES.jpg?imwidth=392"
  },
  {
    "categoria": "Lavavajillas",
    "nombre": "Lavavajillas máquina todo en uno power gel Finish botella 700 ml",
    "precio_unitario": "7,49 €",
    "precio_por_unidad": "(10,70 €/L)",
    "imagen": "https://www.dia.es/product_images/225297/225297_ISO_0_ES.jpg?imwidth=392"
  },
  {
    "categoria": "Lavavajillas",
    "nombre": "Limpiamáquinas intensivo Somat botella 250 ml",
    "precio_unitario": "3,99 €",
    "precio_por_unidad": "(15,96 €/L)",
    "imagen": "https://www.dia.es/product_images/219228/219228_ISO_0_ES.jpg?imwidth=392"
  },
  {
    "categoria": "Lavavajillas",
    "nombre": "Abrillantador para máquina lavavajillas Somat botella 500 ml",
    "precio_unitario": "3,99 €",
    "precio_por_unidad": "(7,98 €/L)",
    "imagen": "https://www.dia.es/product_images/219227/219227_ISO_0_ES.jpg?imwidth=392"
  },
  {
    "categoria": "Lavavajillas",
    "nombre": "Ambientador para lavavajillas deo perls Somat blister 1 unidad",
    "precio_unitario": "3,99 €",
    "precio_por_unidad": "(3,99 €/ud)",
    "imagen": "https://www.dia.es/product_images/219223/219223_ISO_0_ES.jpg?imwidth=392"
  },
  {
    "categoria": "Lavavajillas",
    "nombre": "Limpia lavavajillas Somat blister 3 unidades",
    "precio_unitario": "3,99 €",
    "precio_por_unidad": "(1,33 €/ud)",
    "imagen": "https://www.dia.es/product_images/215184/215184_ISO_0_ES.jpg?imwidth=392"
  },
  {
    "categoria": "Lavavajillas",
    "nombre": "Sal para lavavajillas Finish caja 2 Kg",
    "precio_unitario": "4,99 €",
    "precio_por_unidad": "(2,50 €/kg)",
    "imagen": "https://www.dia.es/product_images/151838/151838_ISO_0_ES.jpg?imwidth=392"
  },
  {
    "categoria": "Papel higiénico, de cocina, servilletas",
    "nombre": "Papel higiénico La Llama Dia bolsa 12 unidades",
    "precio_unitario": "2,49 €",
    "precio_por_unidad": "(0,21 €/ud)",
    "imagen": "https://www.dia.es/product_images/276676/276676_ISO_0_ES.jpg?imwidth=392"
  },
  {
    "categoria": "Papel higiénico, de cocina, servilletas",
    "nombre": "Papel multiusos absorción 375 servicios La Llama Dia bolsa 1 unidad",
    "precio_unitario": "2,39 €",
    "precio_por_unidad": "(2,39 €/ud)",
    "imagen": "https://www.dia.es/product_images/276689/276689_ISO_0_ES.jpg?imwidth=392"
  },
  {
    "categoria": "Papel higiénico, de cocina, servilletas",
    "nombre": "Papel higiénico compacto doble rollo La Llama Dia bolsa 12 unidades",
    "precio_unitario": "4,70 €",
    "precio_por_unidad": "(0,39 €/ud)",
    "imagen": "https://www.dia.es/product_images/276678/276678_ISO_0_ES.jpg?imwidth=392"
  },
  {
    "categoria": "Papel higiénico, de cocina, servilletas",
    "nombre": "Papel de cocina compacto doble rollo La Llama Dia bolsa 3 unidades",
    "precio_unitario": "2,35 €",
    "precio_por_unidad": "(0,78 €/ud)",
    "imagen": "https://www.dia.es/product_images/276683/276683_ISO_0_ES.jpg?imwidth=392"
  },
  {
    "categoria": "Papel higiénico, de cocina, servilletas",
    "nombre": "Servilletas blancas 1 capa La Llama Dia bolsa 200 unidades",
    "precio_unitario": "1,30 €",
    "precio_por_unidad": "(0,01 €/ud)",
    "imagen": "https://www.dia.es/product_images/276692/276692_ISO_0_ES.jpg?imwidth=392"
  },
  {
    "categoria": "Papel higiénico, de cocina, servilletas",
    "nombre": "Papel higiénico húmedo Fresh La Llama Dia bolsa 80 unidades",
    "precio_unitario": "1,50 €",
    "precio_por_unidad": "(0,02 €/ud)",
    "imagen": "https://www.dia.es/product_images/288727/288727_ISO_0_ES.jpg?imwidth=392"
  },
  {
    "categoria": "Papel higiénico, de cocina, servilletas",
    "nombre": "Papel higiénico compacto doble rollo La Llama Dia bolsa 6 unidades",
    "precio_unitario": "2,40 €",
    "precio_por_unidad": "(0,40 €/ud)",
    "imagen": "https://www.dia.es/product_images/276677/276677_ISO_0_ES.jpg?imwidth=392"
  },
  {
    "categoria": "Papel higiénico, de cocina, servilletas",
    "nombre": "Pañuelos pocket blancos La Llama Dia paquete 10 unidades",
    "precio_unitario": "1,05 €",
    "precio_por_unidad": "(0,11 €/ud)",
    "imagen": "https://www.dia.es/product_images/276696/276696_ISO_0_ES.jpg?imwidth=392"
  },
  {
    "categoria": "Papel higiénico, de cocina, servilletas",
    "nombre": "Papel cocina estándar 2 capas La Llama Dia bolsa 2 unidades",
    "precio_unitario": "1,29 €",
    "precio_por_unidad": "(0,65 €/ud)",
    "imagen": "https://www.dia.es/product_images/292546/292546_ISO_0_ES.jpg?imwidth=392"
  },
  {
    "categoria": "Papel higiénico, de cocina, servilletas",
    "nombre": "Papel higiénico perfumado 4 capas La Llama Dia bolsa 8 unidades",
    "precio_unitario": "3,99 €",
    "precio_por_unidad": "(0,50 €/ud)",
    "imagen": "https://www.dia.es/product_images/276681/276681_ISO_0_ES.jpg?imwidth=392"
  },
  {
    "categoria": "Papel higiénico, de cocina, servilletas",
    "nombre": "Pañuelos faciales La Llama Dia caja 150 unidades",
    "precio_unitario": "0,94 €",
    "precio_por_unidad": "(0,01 €/ud)",
    "imagen": "https://www.dia.es/product_images/276698/276698_ISO_0_ES.jpg?imwidth=392"
  },
  {
    "categoria": "Papel higiénico, de cocina, servilletas",
    "nombre": "Papel higiénico original Scottex bolsa 12 unidades",
    "precio_unitario": "2,99 €",
    "precio_por_unidad": "(0,25 €/ud)",
    "imagen": "https://www.dia.es/product_images/270999/270999_ISO_0_ES.jpg?imwidth=392"
  },
  {
    "categoria": "Papel higiénico, de cocina, servilletas",
    "nombre": "Papel higiénico suave 2 capas Amoos bolsa 12 unidades",
    "precio_unitario": "2,29 €",
    "precio_por_unidad": "(0,19 €/ud)",
    "imagen": "https://www.dia.es/product_images/289917/289917_ISO_0_ES.jpg?imwidth=392"
  },
  {
    "categoria": "Papel higiénico, de cocina, servilletas",
    "nombre": "Servilletas suaves 2 capas La Llama Dia bolsa 100 unidades",
    "precio_unitario": "1,55 €",
    "precio_por_unidad": "(0,02 €/ud)",
    "imagen": "https://www.dia.es/product_images/276693/276693_ISO_0_ES.jpg?imwidth=392"
  },
  {
    "categoria": "Papel higiénico, de cocina, servilletas",
    "nombre": "Papel higiénico ultra suave 3 capas La Llama Dia bolsa 8 unidades",
    "precio_unitario": "3,65 €",
    "precio_por_unidad": "(0,46 €/ud)",
    "imagen": "https://www.dia.es/product_images/292545/292545_ISO_0_ES.jpg?imwidth=392"
  },
  {
    "categoria": "Papel higiénico, de cocina, servilletas",
    "nombre": "Papel multiusos resistente La Llama Dia bolsa 1 unidad",
    "precio_unitario": "2,99 €",
    "precio_por_unidad": "(2,99 €/ud)",
    "imagen": "https://www.dia.es/product_images/300024/300024_ISO_0_ES.jpg?imwidth=392"
  },
  {
    "categoria": "Papel higiénico, de cocina, servilletas",
    "nombre": "Papel higiénico acolchado 3 capas La Llama Dia bolsa 6 unidades",
    "precio_unitario": "2,99 €",
    "precio_por_unidad": "(0,50 €/ud)",
    "imagen": "https://www.dia.es/product_images/276682/276682_ISO_0_ES.jpg?imwidth=392"
  },
  {
    "categoria": "Papel higiénico, de cocina, servilletas",
    "nombre": "Papel higiénico Foxy bolsa 6 unidades",
    "precio_unitario": "3,99 €",
    "precio_por_unidad": "(0,67 €/ud)",
    "imagen": "https://www.dia.es/product_images/187744/187744_ISO_0_ES.jpg?imwidth=392"
  },
  {
    "categoria": "Papel higiénico, de cocina, servilletas",
    "nombre": "Servilletas recicladas 2 capas La Llama Dia bolsa 50 unidades",
    "precio_unitario": "1,59 €",
    "precio_por_unidad": "(0,03 €/ud)",
    "imagen": "https://www.dia.es/product_images/276695/276695_ISO_0_ES.jpg?imwidth=392"
  },
  {
    "categoria": "Papel higiénico, de cocina, servilletas",
    "nombre": "Papel de cocina compacto reciclado doble rollo La Llama Dia bolsa 2 unidades",
    "precio_unitario": "2,19 €",
    "precio_por_unidad": "(1,10 €/ud)",
    "imagen": "https://www.dia.es/product_images/276691/276691_ISO_0_ES.jpg?imwidth=392"
  },
  {
    "categoria": "Papel higiénico, de cocina, servilletas",
    "nombre": "Servilletas Navidad 3 capas La Llama Dia bolsa 20 unidades",
    "precio_unitario": "1,19 €",
    "precio_por_unidad": "(0,06 €/ud)",
    "imagen": "https://www.dia.es/product_images/303014/303014_ISO_0_ES.jpg?imwidth=392"
  },
  {
    "categoria": "Papel higiénico, de cocina, servilletas",
    "nombre": "Papel de cocina limón 2 capas La Llama Dia bolsa 2 unidades",
    "precio_unitario": "2,20 €",
    "precio_por_unidad": "(1,10 €/ud)",
    "imagen": "https://www.dia.es/product_images/299876/299876_ISO_0_ES.jpg?imwidth=392"
  },
  {
    "categoria": "Papel higiénico, de cocina, servilletas",
    "nombre": "Papel higiénico aloe vera 3 capas La Llama Dia bolsa 6 unidades",
    "precio_unitario": "2,99 €",
    "precio_por_unidad": "(0,50 €/ud)",
    "imagen": "https://www.dia.es/product_images/299875/299875_ISO_0_ES.jpg?imwidth=392"
  },
  {
    "categoria": "Papel higiénico, de cocina, servilletas",
    "nombre": "Papel multiusos Revolution 3 capas La Llama Dia bolsa 1 unidad",
    "precio_unitario": "3,45 €",
    "precio_por_unidad": "(3,45 €/ud)",
    "imagen": "https://www.dia.es/product_images/296004/296004_ISO_0_ES.jpg?imwidth=392"
  },
  {
    "categoria": "Papel higiénico, de cocina, servilletas",
    "nombre": "Papel higiénico triple rollo La Llama Dia bolsa 4 unidades",
    "precio_unitario": "2,59 €",
    "precio_por_unidad": "(0,65 €/ud)",
    "imagen": "https://www.dia.es/product_images/292544/292544_ISO_0_ES.jpg?imwidth=392"
  },
  {
    "categoria": "Papel higiénico, de cocina, servilletas",
    "nombre": "Papel de cocina decorado 3 capas La Llama Dia bolsa 2 unidades",
    "precio_unitario": "2,99 €",
    "precio_por_unidad": "(1,50 €/ud)",
    "imagen": "https://www.dia.es/product_images/276684/276684_ISO_0_ES.jpg?imwidth=392"
  },
  {
    "categoria": "Papel higiénico, de cocina, servilletas",
    "nombre": "Papel higiénico compacto reciclado doble rollo La Llama Dia bolsa 6 unidades",
    "precio_unitario": "3,25 €",
    "precio_por_unidad": "(0,54 €/ud)",
    "imagen": "https://www.dia.es/product_images/276679/276679_ISO_0_ES.jpg?imwidth=392"
  },
  {
    "categoria": "Papel higiénico, de cocina, servilletas",
    "nombre": "Papel higiénico dermo cuidado Scottex bolsa 6 unidades",
    "precio_unitario": "4,29 €",
    "precio_por_unidad": "(0,72 €/ud)",
    "imagen": "https://www.dia.es/product_images/274264/274264_ISO_0_ES.jpg?imwidth=392"
  },
  {
    "categoria": "Papel higiénico, de cocina, servilletas",
    "nombre": "Papel de cocina gigante Scottex bolsa 2 unidades",
    "precio_unitario": "2,99 €",
    "precio_por_unidad": "(1,50 €/ud)",
    "imagen": "https://www.dia.es/product_images/209075/209075_ISO_0_ES.jpg?imwidth=392"
  },
  {
    "categoria": "Papel higiénico, de cocina, servilletas",
    "nombre": "Papel multiusos Foxy bolsa 1 unidad",
    "precio_unitario": "5,49 €",
    "precio_por_unidad": "(5,49 €/ud)",
    "imagen": "https://www.dia.es/product_images/187746/187746_ISO_0_ES.jpg?imwidth=392"
  },
  {
    "categoria": "Papel higiénico, de cocina, servilletas",
    "nombre": "Papel de cocina Foxy bolsa 2 unidades",
    "precio_unitario": "3,49 €",
    "precio_por_unidad": "(1,75 €/ud)",
    "imagen": "https://www.dia.es/product_images/187745/187745_ISO_0_ES.jpg?imwidth=392"
  },
  {
    "categoria": "Papel higiénico, de cocina, servilletas",
    "nombre": "Papel higiénico megarrollo Scottex bolsa 6 unidades",
    "precio_unitario": "3,99 €",
    "precio_por_unidad": "(0,67 €/ud)",
    "imagen": "https://www.dia.es/product_images/180645/180645_ISO_0_ES.jpg?imwidth=392"
  },
  {
    "categoria": "Papel higiénico, de cocina, servilletas",
    "nombre": "Papel higiénico megarollo Scottex bolsa 9 unidades",
    "precio_unitario": "5,99 €",
    "precio_por_unidad": "(0,67 €/ud)",
    "imagen": "https://www.dia.es/product_images/180569/180569_ISO_0_ES.jpg?imwidth=392"
  },
  {
    "categoria": "Papel higiénico, de cocina, servilletas",
    "nombre": "Papel cocina para todo Colhogar bolsa 1 unidad",
    "precio_unitario": "4,49 €",
    "precio_por_unidad": "(4,49 €/ud)",
    "imagen": "https://www.dia.es/product_images/159760/159760_ISO_0_ES.jpg?imwidth=392"
  },
  {
    "categoria": "Papel higiénico, de cocina, servilletas",
    "nombre": "Papel higiénico xxl Colhogar bolsa 6 unidades",
    "precio_unitario": "4,49 €",
    "precio_por_unidad": "(0,75 €/ud)",
    "imagen": "https://www.dia.es/product_images/154777/154777_ISO_0_ES.jpg?imwidth=392"
  },
  {
    "categoria": "Papel higiénico, de cocina, servilletas",
    "nombre": "Rollo cocina jumbo Scottex bolsa 1 unidad",
    "precio_unitario": "3,99 €",
    "precio_por_unidad": "(3,99 €/ud)",
    "imagen": "https://www.dia.es/product_images/152239/152239_ISO_0_ES.jpg?imwidth=392"
  },
  {
    "categoria": "Papel higiénico, de cocina, servilletas",
    "nombre": "Pañuelos faciales Kleenex caja 56 unidades",
    "precio_unitario": "2,10 €",
    "precio_por_unidad": "(0,04 €/ud)",
    "imagen": "https://www.dia.es/product_images/151608/151608_ISO_0_ES.jpg?imwidth=392"
  },
  {
    "categoria": "Papel higiénico, de cocina, servilletas",
    "nombre": "Papel higiénico acolchado 3 capas Scottex bolsa 9 unidades",
    "precio_unitario": "5,29 €",
    "precio_por_unidad": "(0,59 €/ud)",
    "imagen": "https://www.dia.es/product_images/136480/136480_ISO_0_ES.jpg?imwidth=392"
  },
  {
    "categoria": "Papel higiénico, de cocina, servilletas",
    "nombre": "Papel de cocina megarollo Scottex bolsa 2 unidades",
    "precio_unitario": "1,99 €",
    "precio_por_unidad": "(1,00 €/ud)",
    "imagen": "https://www.dia.es/product_images/111820/111820_ISO_0_ES.jpg?imwidth=392"
  },
  {
    "categoria": "Papel higiénico, de cocina, servilletas",
    "nombre": "Pañuelos tres capas Scottex paquete 8 unidades",
    "precio_unitario": "1,59 €",
    "precio_por_unidad": "(0,16 €/ud)",
    "imagen": "https://www.dia.es/product_images/100360/100360_ISO_0_ES.jpg?imwidth=392"
  },
  {
    "categoria": "Papel de aluminio, horno y film",
    "nombre": "Papel de aluminio Super Paco de Dia caja 30 m",
    "precio_unitario": "2,05 €",
    "precio_por_unidad": "(0,07 €/METRO)",
    "imagen": "https://www.dia.es/product_images/269324/269324_ISO_0_ES.jpg?imwidth=392"
  },
  {
    "categoria": "Papel de aluminio, horno y film",
    "nombre": "Papel de horno Super Paco de Dia caja 20 unidades",
    "precio_unitario": "1,13 €",
    "precio_por_unidad": "(0,06 €/ud)",
    "imagen": "https://www.dia.es/product_images/288355/288355_ISO_0_ES.jpg?imwidth=392"
  },
  {
    "categoria": "Papel de aluminio, horno y film",
    "nombre": "Film transparente Super Paco de Dia caja 80 m",
    "precio_unitario": "1,60 €",
    "precio_por_unidad": "(0,02 €/METRO)",
    "imagen": "https://www.dia.es/product_images/269325/269325_ISO_0_ES.jpg?imwidth=392"
  },
  {
    "categoria": "Papel de aluminio, horno y film",
    "nombre": "Bolsas de congelación 4 litros Super Paco de Dia caja 30 unidades",
    "precio_unitario": "0,68 €",
    "precio_por_unidad": "(0,02 €/ud)",
    "imagen": "https://www.dia.es/product_images/288352/288352_ISO_0_ES.jpg?imwidth=392"
  },
  {
    "categoria": "Papel de aluminio, horno y film",
    "nombre": "Papel para freidora de aire Super Paco de Dia bolsa 25 unidades",
    "precio_unitario": "1,99 €",
    "precio_por_unidad": "(0,08 €/ud)",
    "imagen": "https://www.dia.es/product_images/301380/301380_ISO_0_ES.jpg?imwidth=392"
  },
  {
    "categoria": "Papel de aluminio, horno y film",
    "nombre": "Bolsas de congelación doble zip 1 litro Super Paco de Dia caja 20 unidades",
    "precio_unitario": "1,20 €",
    "precio_por_unidad": "(0,06 €/ud)",
    "imagen": "https://www.dia.es/product_images/297913/297913_ISO_0_ES.jpg?imwidth=392"
  },
  {
    "categoria": "Papel de aluminio, horno y film",
    "nombre": "Bolsas de congelación doble zip 3 litros Super Paco de Dia caja 15 unidades",
    "precio_unitario": "1,30 €",
    "precio_por_unidad": "(0,09 €/ud)",
    "imagen": "https://www.dia.es/product_images/297915/297915_ISO_0_ES.jpg?imwidth=392"
  },
  {
    "categoria": "Papel de aluminio, horno y film",
    "nombre": "Bolsas de papel para bocadillo Super Paco de Dia caja 25 unidades",
    "precio_unitario": "1,99 €",
    "precio_por_unidad": "(0,08 €/ud)",
    "imagen": "https://www.dia.es/product_images/288350/288350_ISO_0_ES.jpg?imwidth=392"
  },
  {
    "categoria": "Papel de aluminio, horno y film",
    "nombre": "Film transparente 30 m Albal caja 30 m",
    "precio_unitario": "2,55 €",
    "precio_por_unidad": "(0,09 €/METRO)",
    "imagen": "https://www.dia.es/product_images/251040/251040_ISO_0_ES.jpg?imwidth=392"
  },
  {
    "categoria": "Cuidado de la ropa",
    "nombre": "Detergente máquina líquido marsella Super Paco de Dia garrafa 46 lavados",
    "precio_unitario": "3,30 €",
    "precio_por_unidad": "(0,07 €/LAVADO)",
    "imagen": "https://www.dia.es/product_images/273997/273997_ISO_0_ES.jpg?imwidth=392"
  },
  {
    "categoria": "Cuidado de la ropa",
    "nombre": "Suavizante concentrado azul Super Paco de Dia botella 80 lavados",
    "precio_unitario": "1,85 €",
    "precio_por_unidad": "(0,02 €/LAVADO)",
    "imagen": "https://www.dia.es/product_images/274015/274015_ISO_0_ES.jpg?imwidth=392"
  },
  {
    "categoria": "Cuidado de la ropa",
    "nombre": "Detergente máquina líquido azul Super Paco de Dia garrafa 46 lavados",
    "precio_unitario": "3,30 €",
    "precio_por_unidad": "(0,07 €/LAVADO)",
    "imagen": "https://www.dia.es/product_images/274002/274002_ISO_0_ES.jpg?imwidth=392"
  },
  {
    "categoria": "Cuidado de la ropa",
    "nombre": "Suavizante concentrado algodón Super Paco de Dia botella 80 lavados",
    "precio_unitario": "1,85 €",
    "precio_por_unidad": "(0,02 €/LAVADO)",
    "imagen": "https://www.dia.es/product_images/274019/274019_ISO_0_ES.jpg?imwidth=392"
  },
  {
    "categoria": "Cuidado de la ropa",
    "nombre": "Detergente máquina líquido colonia botella Super Paco de Dia garrafa 46 lavados",
    "precio_unitario": "3,30 €",
    "precio_por_unidad": "(0,07 €/LAVADO)",
    "imagen": "https://www.dia.es/product_images/274003/274003_ISO_0_ES.jpg?imwidth=392"
  },
  {
    "categoria": "Cuidado de la ropa",
    "nombre": "Suavizante concentrado talco Super Paco de Dia botella 80 lavados",
    "precio_unitario": "1,85 €",
    "precio_por_unidad": "(0,02 €/LAVADO)",
    "imagen": "https://www.dia.es/product_images/274018/274018_ISO_0_ES.jpg?imwidth=392"
  },
  {
    "categoria": "Cuidado de la ropa",
    "nombre": "Suavizante concentrado floral Super Paco de Dia botella 80 lavados",
    "precio_unitario": "1,85 €",
    "precio_por_unidad": "(0,02 €/LAVADO)",
    "imagen": "https://www.dia.es/product_images/274017/274017_ISO_0_ES.jpg?imwidth=392"
  },
  {
    "categoria": "Cuidado de la ropa",
    "nombre": "Oxígeno activo blanco Super Paco de Dia frasco 1 Kg",
    "precio_unitario": "3,10 €",
    "precio_por_unidad": "(3,10 €/kg)",
    "imagen": "https://www.dia.es/product_images/274845/274845_ISO_0_ES.jpg?imwidth=392"
  },
  {
    "categoria": "Cuidado de la ropa",
    "nombre": "Detergente máquina líquido blanco&color Super Paco de Dia botella 61 lavados",
    "precio_unitario": "8,49 €",
    "precio_por_unidad": "(0,14 €/LAVADO)",
    "imagen": "https://www.dia.es/product_images/274001/274001_ISO_0_ES.jpg?imwidth=392"
  },
  {
    "categoria": "Cuidado de la ropa",
    "nombre": "Suavizante concentrado exótico Super Paco de Dia botella 80 lavados",
    "precio_unitario": "1,85 €",
    "precio_por_unidad": "(0,02 €/LAVADO)",
    "imagen": "https://www.dia.es/product_images/274020/274020_ISO_0_ES.jpg?imwidth=392"
  },
  {
    "categoria": "Cuidado de la ropa",
    "nombre": "Detergente máquina líquido marsella Super Paco de Dia garrafa 61 lavados",
    "precio_unitario": "5,09 €",
    "precio_por_unidad": "(0,08 €/LAVADO)",
    "imagen": "https://www.dia.es/product_images/273998/273998_ISO_0_ES.jpg?imwidth=392"
  },
  {
    "categoria": "Cuidado de la ropa",
    "nombre": "Detergente máquina líquido blanco&color Super Paco de Dia botella 30 lavados",
    "precio_unitario": "4,59 €",
    "precio_por_unidad": "(0,15 €/LAVADO)",
    "imagen": "https://www.dia.es/product_images/273999/273999_ISO_0_ES.jpg?imwidth=392"
  },
  {
    "categoria": "Cuidado de la ropa",
    "nombre": "Suavizante concentrado termal Super Paco de Dia botella 80 lavados",
    "precio_unitario": "1,85 €",
    "precio_por_unidad": "(0,02 €/LAVADO)",
    "imagen": "https://www.dia.es/product_images/274016/274016_ISO_0_ES.jpg?imwidth=392"
  },
  {
    "categoria": "Cuidado de la ropa",
    "nombre": "Lejía ropa densa perfumada Dia garrafa 2 l",
    "precio_unitario": "1,20 €",
    "precio_por_unidad": "(0,60 €/L)",
    "imagen": "https://www.dia.es/product_images/51527/51527_ISO_0_ES.jpg?imwidth=392"
  },
  {
    "categoria": "Cuidado de la ropa",
    "nombre": "Toallitas atrapacolor Super Paco de Dia caja 20 unidades",
    "precio_unitario": "2,25 €",
    "precio_por_unidad": "(0,11 €/ud)",
    "imagen": "https://www.dia.es/product_images/296944/296944_ISO_0_ES.jpg?imwidth=392"
  },
  {
    "categoria": "Cuidado de la ropa",
    "nombre": "Detergente máquina líquido prendas delicadas Super Paco de Dia garrafa 66 lavados",
    "precio_unitario": "2,50 €",
    "precio_por_unidad": "(0,04 €/LAVADO)",
    "imagen": "https://www.dia.es/product_images/274006/274006_ISO_0_ES.jpg?imwidth=392"
  },
  {
    "categoria": "Cuidado de la ropa",
    "nombre": "Detergente máquina fusión floral Puntomatic bolsa 12 lavados",
    "precio_unitario": "2,89 €",
    "precio_por_unidad": "(0,24 €/LAVADO)",
    "imagen": "https://www.dia.es/product_images/298812/298812_ISO_0_ES.jpg?imwidth=392"
  },
  {
    "categoria": "Cuidado de la ropa",
    "nombre": "Detergente máquina polvo marsella Super Paco de Dia caja 35 lavados",
    "precio_unitario": "4,25 €",
    "precio_por_unidad": "(0,12 €/LAVADO)",
    "imagen": "https://www.dia.es/product_images/273741/273741_ISO_0_ES.jpg?imwidth=392"
  },
  {
    "categoria": "Cuidado de la ropa",
    "nombre": "Oxígeno activo color Super Paco de Dia frasco 1 Kg",
    "precio_unitario": "3,10 €",
    "precio_por_unidad": "(3,10 €/kg)",
    "imagen": "https://www.dia.es/product_images/274844/274844_ISO_0_ES.jpg?imwidth=392"
  },
  {
    "categoria": "Cuidado de la ropa",
    "nombre": "Suavizante concentrado azul vital Mimosin botella 69 lavados",
    "precio_unitario": "3,25 €",
    "precio_por_unidad": "(0,05 €/LAVADO)",
    "imagen": "https://www.dia.es/product_images/301841/301841_ISO_0_ES.jpg?imwidth=392"
  },
  {
    "categoria": "Cuidado de la ropa",
    "nombre": "Suavizante concentrado talco rosa San botella 59 lavados",
    "precio_unitario": "2,49 €",
    "precio_por_unidad": "(0,04 €/LAVADO)",
    "imagen": "https://www.dia.es/product_images/79902/79902_ISO_0_ES.jpg?imwidth=392"
  },
  {
    "categoria": "Cuidado de la ropa",
    "nombre": "Descalcificador de lavadora en pastillas Calgon caja 15 unidades",
    "precio_unitario": "7,99 €",
    "precio_por_unidad": "(0,53 €/ud)",
    "imagen": "https://www.dia.es/product_images/47373/47373_ISO_0_ES.jpg?imwidth=392"
  },
  {
    "categoria": "Cuidado de la ropa",
    "nombre": "Lejía Neutrex botella 0.96 l",
    "precio_unitario": "1,99 €",
    "precio_por_unidad": "(2,07 €/L)",
    "imagen": "https://www.dia.es/product_images/303874/303874_ISO_0_ES.jpg?imwidth=392"
  },
  {
    "categoria": "Cuidado de la ropa",
    "nombre": "Perfumador líquido para ropa gold Asevi botella 720 ml",
    "precio_unitario": "4,39 €",
    "precio_por_unidad": "(6,10 €/L)",
    "imagen": "https://www.dia.es/product_images/303724/303724_ISO_0_ES.jpg?imwidth=392"
  },
  {
    "categoria": "Cuidado de la ropa",
    "nombre": "Suavizante concentrado caricias Mimosin botella 56 lavados",
    "precio_unitario": "3,25 €",
    "precio_por_unidad": "(0,06 €/LAVADO)",
    "imagen": "https://www.dia.es/product_images/301840/301840_ISO_0_ES.jpg?imwidth=392"
  },
  {
    "categoria": "Cuidado de la ropa",
    "nombre": "Suavizante concentrado bergamota salvaje Mimosin Origins botella 50 lavados",
    "precio_unitario": "3,25 €",
    "precio_por_unidad": "(0,07 €/LAVADO)",
    "imagen": "https://www.dia.es/product_images/301354/301354_ISO_0_ES.jpg?imwidth=392"
  },
  {
    "categoria": "Cuidado de la ropa",
    "nombre": "Detergente máquina adiós al separar Dixan bolsa 12 lavados",
    "precio_unitario": "3,99 €",
    "precio_por_unidad": "(0,33 €/LAVADO)",
    "imagen": "https://www.dia.es/product_images/301326/301326_ISO_0_ES.jpg?imwidth=392"
  },
  {
    "categoria": "Cuidado de la ropa",
    "nombre": "Detergente máquina líquido básico Ariel botella 32 lavados",
    "precio_unitario": "7,99 €",
    "precio_por_unidad": "(0,25 €/LAVADO)",
    "imagen": "https://www.dia.es/product_images/300906/300906_ISO_0_ES.jpg?imwidth=392"
  },
  {
    "categoria": "Cuidado de la ropa",
    "nombre": "Detergente máquina líquido básico Ariel botella 75 lavados",
    "precio_unitario": "17,99 €",
    "precio_por_unidad": "(0,24 €/LAVADO)",
    "imagen": "https://www.dia.es/product_images/300905/300905_ISO_0_ES.jpg?imwidth=392"
  },
  {
    "categoria": "Cuidado de la ropa",
    "nombre": "Detergente máquina líquido limpieza profunda Skip botella 35 lavados",
    "precio_unitario": "9,99 €",
    "precio_por_unidad": "(0,29 €/LAVADO)",
    "imagen": "https://www.dia.es/product_images/299826/299826_ISO_0_ES.jpg?imwidth=392"
  },
  {
    "categoria": "Cuidado de la ropa",
    "nombre": "Detergente máquina líquido máxima eficacia Skip botella 33 lavados",
    "precio_unitario": "9,99 €",
    "precio_por_unidad": "(0,30 €/LAVADO)",
    "imagen": "https://www.dia.es/product_images/299805/299805_ISO_0_ES.jpg?imwidth=392"
  },
  {
    "categoria": "Cuidado de la ropa",
    "nombre": "Detergente líquido Marsella Omino bianco botella 45 lavados",
    "precio_unitario": "9,99 €",
    "precio_por_unidad": "(0,22 €/LAVADO)",
    "imagen": "https://www.dia.es/product_images/297333/297333_ISO_0_ES.jpg?imwidth=392"
  },
  {
    "categoria": "Cuidado de la ropa",
    "nombre": "Jabón blando quitamanchas natural Beltrán bote 500 g",
    "precio_unitario": "2,90 €",
    "precio_por_unidad": "(5,80 €/kg)",
    "imagen": "https://www.dia.es/product_images/296357/296357_ISO_0_ES.jpg?imwidth=392"
  },
  {
    "categoria": "Cuidado de la ropa",
    "nombre": "Detergente máquina líquido gel colores vivos Micolor garrafa 30 lavados",
    "precio_unitario": "8,59 €",
    "precio_por_unidad": "(0,29 €/LAVADO)",
    "imagen": "https://www.dia.es/product_images/296096/296096_ISO_0_ES.jpg?imwidth=392"
  },
  {
    "categoria": "Cuidado de la ropa",
    "nombre": "Perlas para lavadora classics Flores de Algodón Lenor botella 210 g",
    "precio_unitario": "5,59 €",
    "precio_por_unidad": "(26,62 €/kg)",
    "imagen": "https://www.dia.es/product_images/295003/295003_ISO_0_ES.jpg?imwidth=392"
  },
  {
    "categoria": "Cuidado de la ropa",
    "nombre": "Detergente máquina líquido complet Norit garrafa 35 lavados",
    "precio_unitario": "8,95 €",
    "precio_por_unidad": "(0,26 €/LAVADO)",
    "imagen": "https://www.dia.es/product_images/294588/294588_ISO_0_ES.jpg?imwidth=392"
  },
  {
    "categoria": "Cuidado de la ropa",
    "nombre": "Detergente ropa gel lana y ropa delicada Perlan garrafa 41 lavados",
    "precio_unitario": "5,99 €",
    "precio_por_unidad": "(0,15 €/LAVADO)",
    "imagen": "https://www.dia.es/product_images/293700/293700_ISO_0_ES.jpg?imwidth=392"
  },
  {
    "categoria": "Cuidado de la ropa",
    "nombre": "Detergente máquina en polvo limpieza total Elena caja 45 lavados",
    "precio_unitario": "7,99 €",
    "precio_por_unidad": "(0,18 €/LAVADO)",
    "imagen": "https://www.dia.es/product_images/293655/293655_ISO_0_ES.jpg?imwidth=392"
  },
  {
    "categoria": "Cuidado de la ropa",
    "nombre": "Suavizante perfumador azul Flor botella 36 lavados",
    "precio_unitario": "4,69 €",
    "precio_por_unidad": "(0,13 €/LAVADO)",
    "imagen": "https://www.dia.es/product_images/291291/291291_ISO_0_ES.jpg?imwidth=392"
  },
  {
    "categoria": "Cuidado de la ropa",
    "nombre": "Suavizante perfumado rosa Flor botella 36 lavados",
    "precio_unitario": "4,69 €",
    "precio_por_unidad": "(0,13 €/LAVADO)",
    "imagen": "https://www.dia.es/product_images/291290/291290_ISO_0_ES.jpg?imwidth=392"
  },
  {
    "categoria": "Cuidado de la ropa",
    "nombre": "Detergente máquina líquido básico Colon botella 40 lavados",
    "precio_unitario": "5,99 €",
    "precio_por_unidad": "(0,15 €/LAVADO)",
    "imagen": "https://www.dia.es/product_images/291287/291287_ISO_0_ES.jpg?imwidth=392"
  },
  {
    "categoria": "Cuidado de la ropa",
    "nombre": "Detergente máquina doble acción Skip bolsa 46 lavados",
    "precio_unitario": "15,95 €",
    "precio_por_unidad": "(0,35 €/LAVADO)",
    "imagen": "https://www.dia.es/product_images/290843/290843_ISO_0_ES.jpg?imwidth=392"
  },
  {
    "categoria": "Cuidado de la ropa",
    "nombre": "Suavizante concentrado aromaterapia lirio Vernel botella 60 lavados",
    "precio_unitario": "3,99 €",
    "precio_por_unidad": "(0,07 €/LAVADO)",
    "imagen": "https://www.dia.es/product_images/290037/290037_ISO_0_ES.jpg?imwidth=392"
  },
  {
    "categoria": "Cuidado de la ropa",
    "nombre": "Suavizante concentrado cielo azul Vernel botella 60 lavados",
    "precio_unitario": "3,99 €",
    "precio_por_unidad": "(0,07 €/LAVADO)",
    "imagen": "https://www.dia.es/product_images/290036/290036_ISO_0_ES.jpg?imwidth=392"
  },
  {
    "categoria": "Cuidado de la ropa",
    "nombre": "Aditivo desinfectante textil Sanytol botella 1.2 l",
    "precio_unitario": "5,99 €",
    "precio_por_unidad": "(4,99 €/L)",
    "imagen": "https://www.dia.es/product_images/285308/285308_ISO_0_ES.jpg?imwidth=392"
  },
  {
    "categoria": "Cuidado de la ropa",
    "nombre": "Lejía futura Neutrex garrafa 1.9 l",
    "precio_unitario": "3,09 €",
    "precio_por_unidad": "(1,63 €/L)",
    "imagen": "https://www.dia.es/product_images/283977/283977_ISO_0_ES.jpg?imwidth=392"
  },
  {
    "categoria": "Cuidado de la ropa",
    "nombre": "Detergente máquina all in 1 Ariel caja 25 lavados",
    "precio_unitario": "12,49 €",
    "precio_por_unidad": "(0,50 €/LAVADO)",
    "imagen": "https://www.dia.es/product_images/283939/283939_ISO_0_ES.jpg?imwidth=392"
  },
  {
    "categoria": "Cuidado de la ropa",
    "nombre": "Perfumador líquido para ropa blue Asevi botella 720 ml",
    "precio_unitario": "4,39 €",
    "precio_por_unidad": "(6,10 €/L)",
    "imagen": "https://www.dia.es/product_images/282909/282909_ISO_0_ES.jpg?imwidth=392"
  },
  {
    "categoria": "Cuidado de la ropa",
    "nombre": "Perfumador líquido para ropa pink Asevi botella 720 ml",
    "precio_unitario": "4,39 €",
    "precio_por_unidad": "(6,10 €/L)",
    "imagen": "https://www.dia.es/product_images/282908/282908_ISO_0_ES.jpg?imwidth=392"
  },
  {
    "categoria": "Cuidado de la ropa",
    "nombre": "Detergente máquina líquido limpio y liso Wipp Express botella 43 lavados",
    "precio_unitario": "14,99 €",
    "precio_por_unidad": "(0,35 €/LAVADO)",
    "imagen": "https://www.dia.es/product_images/282574/282574_ISO_0_ES.jpg?imwidth=392"
  },
  {
    "categoria": "Cuidado de la ropa",
    "nombre": "Detergente máquina Micolor caja 10 lavados",
    "precio_unitario": "4,65 €",
    "precio_por_unidad": "(0,47 €/LAVADO)",
    "imagen": "https://www.dia.es/product_images/282572/282572_ISO_0_ES.jpg?imwidth=392"
  },
  {
    "categoria": "Cuidado de la ropa",
    "nombre": "Detergente máquina en polvo Colon caja 50 lavados",
    "precio_unitario": "12,49 €",
    "precio_por_unidad": "(0,25 €/LAVADO)",
    "imagen": "https://www.dia.es/product_images/280409/280409_ISO_0_ES.jpg?imwidth=392"
  },
  {
    "categoria": "Cuidado de la ropa",
    "nombre": "Detergente máquina líquido gel sensaciones Colon garrafa 45 lavados",
    "precio_unitario": "11,99 €",
    "precio_por_unidad": "(0,27 €/LAVADO)",
    "imagen": "https://www.dia.es/product_images/280408/280408_ISO_0_ES.jpg?imwidth=392"
  },
  {
    "categoria": "Cuidado de la ropa",
    "nombre": "Suavizante premium albaricoque y nectarina Super Paco de Dia botella 60 lavados",
    "precio_unitario": "2,29 €",
    "precio_por_unidad": "(0,04 €/LAVADO)",
    "imagen": "https://www.dia.es/product_images/276651/276651_ISO_0_ES.jpg?imwidth=392"
  },
  {
    "categoria": "Cuidado de la ropa",
    "nombre": "Suavizante premium bergamota y sándalo Super Paco de Dia botella 60 lavados",
    "precio_unitario": "2,29 €",
    "precio_por_unidad": "(0,04 €/LAVADO)",
    "imagen": "https://www.dia.es/product_images/276650/276650_ISO_0_ES.jpg?imwidth=392"
  },
  {
    "categoria": "Cuidado de la ropa",
    "nombre": "Suavizante premium rosa y ámbar Super Paco de Dia botella 60 lavados",
    "precio_unitario": "2,29 €",
    "precio_por_unidad": "(0,04 €/LAVADO)",
    "imagen": "https://www.dia.es/product_images/276649/276649_ISO_0_ES.jpg?imwidth=392"
  },
  {
    "categoria": "Cuidado de la ropa",
    "nombre": "Detergente máquina total Dixan caja 12 lavados",
    "precio_unitario": "4,29 €",
    "precio_por_unidad": "(0,36 €/LAVADO)",
    "imagen": "https://www.dia.es/product_images/276308/276308_ISO_0_ES.jpg?imwidth=392"
  },
  {
    "categoria": "Cuidado de la ropa",
    "nombre": "Activador del lavado color Super Paco de Dia garrafa 2 l",
    "precio_unitario": "1,75 €",
    "precio_por_unidad": "(0,88 €/L)",
    "imagen": "https://www.dia.es/product_images/274794/274794_ISO_0_ES.jpg?imwidth=392"
  },
  {
    "categoria": "Cuidado de la ropa",
    "nombre": "Agua de plancha Super Paco de Dia botella 1 l",
    "precio_unitario": "0,65 €",
    "precio_por_unidad": "(0,65 €/L)",
    "imagen": "https://www.dia.es/product_images/274589/274589_ISO_0_ES.jpg?imwidth=392"
  },
  {
    "categoria": "Cuidado de la ropa",
    "nombre": "Pastillas antical para lavadora Super Paco de Dia caja 30 unidades",
    "precio_unitario": "2,44 €",
    "precio_por_unidad": "(0,08 €/ud)",
    "imagen": "https://www.dia.es/product_images/274025/274025_ISO_0_ES.jpg?imwidth=392"
  },
  {
    "categoria": "Cuidado de la ropa",
    "nombre": "Detergente máquina líquido ropa oscura Super Paco de Dia garrafa 30 lavados",
    "precio_unitario": "4,00 €",
    "precio_por_unidad": "(0,13 €/LAVADO)",
    "imagen": "https://www.dia.es/product_images/274014/274014_ISO_0_ES.jpg?imwidth=392"
  },
  {
    "categoria": "Cuidado de la ropa",
    "nombre": "Detergente máquina líquido color Super Paco de Dia botella 46 lavados",
    "precio_unitario": "4,20 €",
    "precio_por_unidad": "(0,09 €/LAVADO)",
    "imagen": "https://www.dia.es/product_images/274005/274005_ISO_0_ES.jpg?imwidth=392"
  },
  {
    "categoria": "Cuidado de la ropa",
    "nombre": "Detergente máquina líquido floral Super Paco de Dia garrafa 46 lavados",
    "precio_unitario": "3,30 €",
    "precio_por_unidad": "(0,07 €/LAVADO)",
    "imagen": "https://www.dia.es/product_images/274004/274004_ISO_0_ES.jpg?imwidth=392"
  },
  {
    "categoria": "Cuidado de la ropa",
    "nombre": "Detergente máquina polvo blanca y color Super Paco de Dia caja 35 lavados",
    "precio_unitario": "4,85 €",
    "precio_por_unidad": "(0,14 €/LAVADO)",
    "imagen": "https://www.dia.es/product_images/273739/273739_ISO_0_ES.jpg?imwidth=392"
  },
  {
    "categoria": "Cuidado de la ropa",
    "nombre": "Detergente en polvo a mano Super Paco de Dia caja 600 g",
    "precio_unitario": "1,00 €",
    "precio_por_unidad": "(1,67 €/kg)",
    "imagen": "https://www.dia.es/product_images/273734/273734_ISO_0_ES.jpg?imwidth=392"
  },
  {
    "categoria": "Cuidado de la ropa",
    "nombre": "Detergente máquina líquido original Ariel botella 35 lavados",
    "precio_unitario": "10,49 €",
    "precio_por_unidad": "(0,30 €/LAVADO)",
    "imagen": "https://www.dia.es/product_images/272639/272639_ISO_0_ES.jpg?imwidth=392"
  },
  {
    "categoria": "Cuidado de la ropa",
    "nombre": "Detergente máquina todo en uno Ariel bolsa 45 lavados",
    "precio_unitario": "19,95 €",
    "precio_por_unidad": "(0,44 €/LAVADO)",
    "imagen": "https://www.dia.es/product_images/272270/272270_ISO_0_ES.jpg?imwidth=392"
  },
  {
    "categoria": "Cuidado de la ropa",
    "nombre": "Detergente máquina todo en uno active Ariel caja 12 lavados",
    "precio_unitario": "6,49 €",
    "precio_por_unidad": "(0,54 €/LAVADO)",
    "imagen": "https://www.dia.es/product_images/272269/272269_ISO_0_ES.jpg?imwidth=392"
  },
  {
    "categoria": "Cuidado de la ropa",
    "nombre": "Detergente máquina líquido quitamanchas Ariel botella 24 lavados",
    "precio_unitario": "11,99 €",
    "precio_por_unidad": "(0,50 €/LAVADO)",
    "imagen": "https://www.dia.es/product_images/271530/271530_ISO_0_ES.jpg?imwidth=392"
  },
  {
    "categoria": "Cuidado de la ropa",
    "nombre": "Detergente máquina todo en uno ultra oxi Ariel caja 12 lavados",
    "precio_unitario": "6,99 €",
    "precio_por_unidad": "(0,58 €/LAVADO)",
    "imagen": "https://www.dia.es/product_images/271529/271529_ISO_0_ES.jpg?imwidth=392"
  },
  {
    "categoria": "Cuidado de la ropa",
    "nombre": "Suavizante concentrado twist frutos rojos Flor botella 59 lavados",
    "precio_unitario": "3,69 €",
    "precio_por_unidad": "(0,06 €/LAVADO)",
    "imagen": "https://www.dia.es/product_images/269910/269910_ISO_0_ES.jpg?imwidth=392"
  },
  {
    "categoria": "Cuidado de la ropa",
    "nombre": "Suavizante azul original Flor botella 63 lavados",
    "precio_unitario": "3,29 €",
    "precio_por_unidad": "(0,05 €/LAVADO)",
    "imagen": "https://www.dia.es/product_images/269276/269276_ISO_0_ES.jpg?imwidth=392"
  },
  {
    "categoria": "Cuidado de la ropa",
    "nombre": "Perlas de perfume frescor de abril Lenor botella 210 g",
    "precio_unitario": "5,59 €",
    "precio_por_unidad": "(26,62 €/kg)",
    "imagen": "https://www.dia.es/product_images/265460/265460_ISO_0_ES.jpg?imwidth=392"
  },
  {
    "categoria": "Cuidado de la ropa",
    "nombre": "Detergente máquina 4 en 1 Wipp Express bolsa 20 lavados",
    "precio_unitario": "7,99 €",
    "precio_por_unidad": "(0,40 €/LAVADO)",
    "imagen": "https://www.dia.es/product_images/263201/263201_ISO_0_ES.jpg?imwidth=392"
  },
  {
    "categoria": "Cuidado de la ropa",
    "nombre": "Detergente máquina en polvo original Ariel caja 30 lavados",
    "precio_unitario": "11,99 €",
    "precio_por_unidad": "(0,40 €/LAVADO)",
    "imagen": "https://www.dia.es/product_images/262457/262457_ISO_0_ES.jpg?imwidth=392"
  },
  {
    "categoria": "Cuidado de la ropa",
    "nombre": "Suavizante concentrado aromaterapia coco Vernel botella 60 lavados",
    "precio_unitario": "3,49 €",
    "precio_por_unidad": "(0,06 €/LAVADO)",
    "imagen": "https://www.dia.es/product_images/256144/256144_ISO_0_ES.jpg?imwidth=392"
  },
  {
    "categoria": "Cuidado de la ropa",
    "nombre": "Detergente máquina líquido gel azul activo Colon botella 45 lavados",
    "precio_unitario": "12,49 €",
    "precio_por_unidad": "(0,28 €/LAVADO)",
    "imagen": "https://www.dia.es/product_images/255101/255101_ISO_0_ES.jpg?imwidth=392"
  },
  {
    "categoria": "Cuidado de la ropa",
    "nombre": "Perlas de perfume fresh para la ropa Lenor botella 140 g",
    "precio_unitario": "5,99 €",
    "precio_por_unidad": "(42,79 €/kg)",
    "imagen": "https://www.dia.es/product_images/254345/254345_ISO_0_ES.jpg?imwidth=392"
  },
  {
    "categoria": "Cuidado de la ropa",
    "nombre": "Detergente máquina líquido con vanish advance Colon botella 40 lavados",
    "precio_unitario": "12,49 €",
    "precio_por_unidad": "(0,31 €/LAVADO)",
    "imagen": "https://www.dia.es/product_images/248736/248736_ISO_0_ES.jpg?imwidth=392"
  },
  {
    "categoria": "Cuidado de la ropa",
    "nombre": "Toallitas captura colores Iberia caja 15 unidades",
    "precio_unitario": "3,49 €",
    "precio_por_unidad": "(0,23 €/ud)",
    "imagen": "https://www.dia.es/product_images/246775/246775_ISO_0_ES.jpg?imwidth=392"
  },
  {
    "categoria": "Cuidado de la ropa",
    "nombre": "Detergente a mano líquido cuidado delicado Norit botella 45 lavados",
    "precio_unitario": "3,99 €",
    "precio_por_unidad": "(0,09 €/LAVADO)",
    "imagen": "https://www.dia.es/product_images/244889/244889_ISO_0_ES.jpg?imwidth=392"
  },
  {
    "categoria": "Cuidado de la ropa",
    "nombre": "Detergente máquina líquido bebé Norit botella 32 lavados",
    "precio_unitario": "4,29 €",
    "precio_por_unidad": "(0,13 €/LAVADO)",
    "imagen": "https://www.dia.es/product_images/244877/244877_ISO_0_ES.jpg?imwidth=392"
  },
  {
    "categoria": "Cuidado de la ropa",
    "nombre": "Detergente máquina líquido delicado Norit botella 37 lavados",
    "precio_unitario": "3,99 €",
    "precio_por_unidad": "(0,11 €/LAVADO)",
    "imagen": "https://www.dia.es/product_images/244178/244178_ISO_0_ES.jpg?imwidth=392"
  },
  {
    "categoria": "Cuidado de la ropa",
    "nombre": "Detergente máquina en polvo básico Ariel caja 40 lavados",
    "precio_unitario": "11,59 €",
    "precio_por_unidad": "(0,29 €/LAVADO)",
    "imagen": "https://www.dia.es/product_images/241640/241640_ISO_0_ES.jpg?imwidth=392"
  },
  {
    "categoria": "Cuidado de la ropa",
    "nombre": "Limpia lavadora Colon caja 250 ml",
    "precio_unitario": "4,99 €",
    "precio_por_unidad": "(19,96 €/L)",
    "imagen": "https://www.dia.es/product_images/222443/222443_ISO_0_ES.jpg?imwidth=392"
  },
  {
    "categoria": "Cuidado de la ropa",
    "nombre": "Toallitas atrapa color Micolor caja 16 unidades",
    "precio_unitario": "2,79 €",
    "precio_por_unidad": "(0,17 €/ud)",
    "imagen": "https://www.dia.es/product_images/221122/221122_ISO_0_ES.jpg?imwidth=392"
  },
  {
    "categoria": "Cuidado de la ropa",
    "nombre": "Suavizante concentrado nenuco Flor botella 78 lavados",
    "precio_unitario": "4,69 €",
    "precio_por_unidad": "(0,06 €/LAVADO)",
    "imagen": "https://www.dia.es/product_images/205284/205284_ISO_0_ES.jpg?imwidth=392"
  },
  {
    "categoria": "Cuidado de la ropa",
    "nombre": "Suavizante concentrado azul Flor botella 78 lavados",
    "precio_unitario": "4,69 €",
    "precio_por_unidad": "(0,06 €/LAVADO)",
    "imagen": "https://www.dia.es/product_images/205281/205281_ISO_0_ES.jpg?imwidth=392"
  },
  {
    "categoria": "Cuidado de la ropa",
    "nombre": "Detergente máquina líquido adiós al separar Dixan botella 30 lavados",
    "precio_unitario": "6,99 €",
    "precio_por_unidad": "(0,23 €/LAVADO)",
    "imagen": "https://www.dia.es/product_images/197359/197359_ISO_0_ES.jpg?imwidth=392"
  },
  {
    "categoria": "Cuidado de la ropa",
    "nombre": "Detergente máquina líquido bouquet Flota botella 42 lavados",
    "precio_unitario": "4,99 €",
    "precio_por_unidad": "(0,12 €/LAVADO)",
    "imagen": "https://www.dia.es/product_images/189533/189533_ISO_0_ES.jpg?imwidth=392"
  },
  {
    "categoria": "Cuidado de la ropa",
    "nombre": "Detergente máquina líquido Skip botella 90 lavados",
    "precio_unitario": "15,95 €",
    "precio_por_unidad": "(0,18 €/LAVADO)",
    "imagen": "https://www.dia.es/product_images/177245/177245_ISO_0_ES.jpg?imwidth=392"
  },
  {
    "categoria": "Cuidado de la ropa",
    "nombre": "Detergente máquina líquido sensible Norit botella 40 lavados",
    "precio_unitario": "6,99 €",
    "precio_por_unidad": "(0,17 €/LAVADO)",
    "imagen": "https://www.dia.es/product_images/167560/167560_ISO_0_ES.jpg?imwidth=392"
  },
  {
    "categoria": "Cuidado de la ropa",
    "nombre": "Detergente máquina blanco puro en pastillas Puntomatic bolsa 4 lavados",
    "precio_unitario": "0,99 €",
    "precio_por_unidad": "(0,25 €/LAVADO)",
    "imagen": "https://www.dia.es/product_images/152978/152978_ISO_0_ES.jpg?imwidth=392"
  },
  {
    "categoria": "Cuidado de la ropa",
    "nombre": "Detergente líquido a mano con bicarbonato Gior caja 750 ml",
    "precio_unitario": "2,99 €",
    "precio_por_unidad": "(3,99 €/L)",
    "imagen": "https://www.dia.es/product_images/152165/152165_ISO_0_ES.jpg?imwidth=392"
  },
  {
    "categoria": "Cuidado de la ropa",
    "nombre": "Agua destilada Quicesa garrafa 2 l",
    "precio_unitario": "1,45 €",
    "precio_por_unidad": "(0,73 €/L)",
    "imagen": "https://www.dia.es/product_images/152150/152150_ISO_0_ES.jpg?imwidth=392"
  },
  {
    "categoria": "Cuidado de la ropa",
    "nombre": "Suavizante concentrado esencia para recordar San botella 59 lavados",
    "precio_unitario": "2,49 €",
    "precio_por_unidad": "(0,04 €/LAVADO)",
    "imagen": "https://www.dia.es/product_images/14246/14246_ISO_0_ES.jpg?imwidth=392"
  },
  {
    "categoria": "Cuidado de la ropa",
    "nombre": "Detergente máquina líquido total Dixan botella 30 lavados",
    "precio_unitario": "6,99 €",
    "precio_por_unidad": "(0,23 €/LAVADO)",
    "imagen": "https://www.dia.es/product_images/140809/140809_ISO_0_ES.jpg?imwidth=392"
  },
  {
    "categoria": "Cuidado de la ropa",
    "nombre": "Detergente máquina líquido limpio y liso Wipp Express botella 28 lavados",
    "precio_unitario": "8,99 €",
    "precio_por_unidad": "(0,32 €/LAVADO)",
    "imagen": "https://www.dia.es/product_images/119451/119451_ISO_0_ES.jpg?imwidth=392"
  },
  {
    "categoria": "Calzado",
    "nombre": "Esponja para calzado brillo inmediato incolora Yak caja 1 unidad",
    "precio_unitario": "1,49 €",
    "precio_por_unidad": "(1,49 €/ud)",
    "imagen": "https://www.dia.es/product_images/152698/152698_ISO_0_ES.jpg?imwidth=392"
  },
  {
    "categoria": "Calzado",
    "nombre": "Desodorante desinfectante para calzado Sanytol spray 150 ml",
    "precio_unitario": "3,79 €",
    "precio_por_unidad": "(25,27 €/L)",
    "imagen": "https://www.dia.es/product_images/212817/212817_ISO_0_ES.jpg?imwidth=392"
  },
  {
    "categoria": "Calzado",
    "nombre": "Crema liquida color negro La piel bote 50 ml",
    "precio_unitario": "1,19 €",
    "precio_por_unidad": "(23,80 €/L)",
    "imagen": "https://www.dia.es/product_images/283345/283345_ISO_0_ES.jpg?imwidth=392"
  },
  {
    "categoria": "Insecticidas",
    "nombre": "Insecticida moscas y mosquitos perfumado Aniquilax spray 750 ml",
    "precio_unitario": "2,15 €",
    "precio_por_unidad": "(2,87 €/L)",
    "imagen": "https://www.dia.es/product_images/297947/297947_ISO_0_ES.jpg?imwidth=392"
  },
  {
    "categoria": "Insecticidas",
    "nombre": "Insecticida moscas y mosquitos sin perfume Aniquilax spray 750 ml",
    "precio_unitario": "2,15 €",
    "precio_por_unidad": "(2,87 €/L)",
    "imagen": "https://www.dia.es/product_images/297949/297949_ISO_0_ES.jpg?imwidth=392"
  },
  {
    "categoria": "Insecticidas",
    "nombre": "Insecticida cucarachas y hormigas Aniquilax de Dia spray 400 ml",
    "precio_unitario": "2,70 €",
    "precio_por_unidad": "(6,75 €/L)",
    "imagen": "https://www.dia.es/product_images/297941/297941_ISO_0_ES.jpg?imwidth=392"
  },
  {
    "categoria": "Insecticidas",
    "nombre": "Colgador antipolillas lavanda Aniquilax bolsa 2 unidades",
    "precio_unitario": "1,25 €",
    "precio_por_unidad": "(0,63 €/ud)",
    "imagen": "https://www.dia.es/product_images/285562/285562_ISO_0_ES.jpg?imwidth=392"
  },
  {
    "categoria": "Insecticidas",
    "nombre": "Pastillas antipolillas lavanda Aniquilax bolsa 24 unidades",
    "precio_unitario": "1,20 €",
    "precio_por_unidad": "(0,05 €/ud)",
    "imagen": "https://www.dia.es/product_images/285561/285561_ISO_0_ES.jpg?imwidth=392"
  },
  {
    "categoria": "Insecticidas",
    "nombre": "Colgador antipolillas ropa limpia Aniquilax bolsa 2 unidades",
    "precio_unitario": "1,25 €",
    "precio_por_unidad": "(0,63 €/ud)",
    "imagen": "https://www.dia.es/product_images/285563/285563_ISO_0_ES.jpg?imwidth=392"
  },
  {
    "categoria": "Insecticidas",
    "nombre": "Pastillas antipolillas ropa limpia Aniquilax bolsa 24 unidades",
    "precio_unitario": "1,20 €",
    "precio_por_unidad": "(0,05 €/ud)",
    "imagen": "https://www.dia.es/product_images/285560/285560_ISO_0_ES.jpg?imwidth=392"
  },
  {
    "categoria": "Insecticidas",
    "nombre": "Insecticida eléctrico antimosquitos recambio Aniquilax caja 1 unidad",
    "precio_unitario": "2,49 €",
    "precio_por_unidad": "(2,49 €/ud)",
    "imagen": "https://www.dia.es/product_images/297946/297946_ISO_0_ES.jpg?imwidth=392"
  },
  {
    "categoria": "Insecticidas",
    "nombre": "Insecticida eléctrico antimosquitos difusor + recambio Aniquilax caja 1 unidad",
    "precio_unitario": "3,75 €",
    "precio_por_unidad": "(3,75 €/ud)",
    "imagen": "https://www.dia.es/product_images/297944/297944_ISO_0_ES.jpg?imwidth=392"
  },
  {
    "categoria": "Insecticidas",
    "nombre": "Trampa para cucarachas Casa Jardín caja 6 unidades",
    "precio_unitario": "2,95 €",
    "precio_por_unidad": "(0,49 €/ud)",
    "imagen": "https://www.dia.es/product_images/294957/294957_ISO_0_ES.jpg?imwidth=392"
  },
  {
    "categoria": "Insecticidas",
    "nombre": "Insecticida eléctrico anti mosquitos aparato + recambio Raid caja 1 unidad",
    "precio_unitario": "4,99 €",
    "precio_por_unidad": "(4,99 €/ud)",
    "imagen": "https://www.dia.es/product_images/161809/161809_ISO_0_ES.jpg?imwidth=392"
  },
  {
    "categoria": "Perros",
    "nombre": "Snack para perros palitos con pollo Deliperro de Dia bolsa 200 g",
    "precio_unitario": "1,00 €",
    "precio_por_unidad": "(5,00 €/kg)",
    "imagen": "https://www.dia.es/product_images/296071/296071_ISO_0_ES.jpg?imwidth=392"
  },
  {
    "categoria": "Perros",
    "nombre": "Sticks dentales para perros Deliperro de Dia bolsa 180 g",
    "precio_unitario": "1,51 €",
    "precio_por_unidad": "(8,39 €/kg)",
    "imagen": "https://www.dia.es/product_images/296069/296069_ISO_0_ES.jpg?imwidth=392"
  },
  {
    "categoria": "Perros",
    "nombre": "Alimento para perros trozos en salsa con buey y verduras Deliperro de Dia lata 1.25 Kg",
    "precio_unitario": "1,79 €",
    "precio_por_unidad": "(1,43 €/kg)",
    "imagen": "https://www.dia.es/product_images/297226/297226_ISO_0_ES.jpg?imwidth=392"
  },
  {
    "categoria": "Perros",
    "nombre": "Paté para perro con pollo Deliperro de Dia tarrina 300 g",
    "precio_unitario": "0,95 €",
    "precio_por_unidad": "(3,17 €/kg)",
    "imagen": "https://www.dia.es/product_images/297341/297341_ISO_0_ES.jpg?imwidth=392"
  },
  {
    "categoria": "Perros",
    "nombre": "Snack para perros Pedigree Biscrok caja 500 g",
    "precio_unitario": "2,75 €",
    "precio_por_unidad": "(5,50 €/kg)",
    "imagen": "https://www.dia.es/product_images/130346/130346_ISO_0_ES.jpg?imwidth=392"
  },
  {
    "categoria": "Perros",
    "nombre": "Bolsas para residuos caninos con asas Deliperro de Dia caja 36 unidades",
    "precio_unitario": "1,19 €",
    "precio_por_unidad": "(0,03 €/ud)",
    "imagen": "https://www.dia.es/product_images/297950/297950_ISO_0_ES.jpg?imwidth=392"
  },
  {
    "categoria": "Perros",
    "nombre": "Alimento para perros trozos en salsa con ave y arroz Deliperro de Dia lata 1.25 Kg",
    "precio_unitario": "1,79 €",
    "precio_por_unidad": "(1,43 €/kg)",
    "imagen": "https://www.dia.es/product_images/297227/297227_ISO_0_ES.jpg?imwidth=392"
  },
  {
    "categoria": "Perros",
    "nombre": "Alimento para perros menú mix completo y variado con buey As Dia bolsa 4 Kg",
    "precio_unitario": "6,99 €",
    "precio_por_unidad": "(1,75 €/kg)",
    "imagen": "https://www.dia.es/product_images/46334/46334_ISO_0_ES.jpg?imwidth=392"
  },
  {
    "categoria": "Perros",
    "nombre": "Snack para perros sticks con ternera Deliperro de Dia bolsa 88 g",
    "precio_unitario": "1,05 €",
    "precio_por_unidad": "(11,93 €/kg)",
    "imagen": "https://www.dia.es/product_images/296065/296065_ISO_0_ES.jpg?imwidth=392"
  },
  {
    "categoria": "Perros",
    "nombre": "Paté para perro con ternera Deliperro de Dia tarrina 300 g",
    "precio_unitario": "0,95 €",
    "precio_por_unidad": "(3,17 €/kg)",
    "imagen": "https://www.dia.es/product_images/297340/297340_ISO_0_ES.jpg?imwidth=392"
  },
  {
    "categoria": "Perros",
    "nombre": "Snack para perros sticks de cuero con pollo Deliperro de Dia bolsa 80 g",
    "precio_unitario": "2,39 €",
    "precio_por_unidad": "(29,88 €/kg)",
    "imagen": "https://www.dia.es/product_images/296073/296073_ISO_0_ES.jpg?imwidth=392"
  },
  {
    "categoria": "Perros",
    "nombre": "Alimento para perros medianos con buey As Dia bolsa 4 Kg",
    "precio_unitario": "6,99 €",
    "precio_por_unidad": "(1,75 €/kg)",
    "imagen": "https://www.dia.es/product_images/221207/221207_ISO_0_ES.jpg?imwidth=392"
  },
  {
    "categoria": "Perros",
    "nombre": "Alimento para perros mini Ultima bolsa 1.5 Kg",
    "precio_unitario": "7,79 €",
    "precio_por_unidad": "(5,19 €/kg)",
    "imagen": "https://www.dia.es/product_images/5134/5134_ISO_0_ES.jpg?imwidth=392"
  },
  {
    "categoria": "Perros",
    "nombre": "Alimento para perros receta tradicional Bon menu bolsa 4 Kg",
    "precio_unitario": "8,95 €",
    "precio_por_unidad": "(2,24 €/kg)",
    "imagen": "https://www.dia.es/product_images/16111/16111_ISO_0_ES.jpg?imwidth=392"
  },
  {
    "categoria": "Perros",
    "nombre": "Alimento para perros albóndigas con salsa de ave Deliperro de Dia lata 1.2 Kg",
    "precio_unitario": "1,99 €",
    "precio_por_unidad": "(1,66 €/kg)",
    "imagen": "https://www.dia.es/product_images/297222/297222_ISO_0_ES.jpg?imwidth=392"
  },
  {
    "categoria": "Perros",
    "nombre": "Snack para perros smiley sticks Frolic bolsa 175 g",
    "precio_unitario": "1,99 €",
    "precio_por_unidad": "(11,37 €/kg)",
    "imagen": "https://www.dia.es/product_images/155536/155536_ISO_0_ES.jpg?imwidth=392"
  },
  {
    "categoria": "Perros",
    "nombre": "Alimento para perros completo Biurk bolsa 15 Kg",
    "precio_unitario": "14,99 €",
    "precio_por_unidad": "(1,00 €/kg)",
    "imagen": "https://www.dia.es/product_images/302666/302666_ISO_0_ES.jpg?imwidth=392"
  },
  {
    "categoria": "Perros",
    "nombre": "Snack para perros huesitos con pollo Deliperro de Dia bolsa 100 g",
    "precio_unitario": "1,29 €",
    "precio_por_unidad": "(12,90 €/kg)",
    "imagen": "https://www.dia.es/product_images/296063/296063_ISO_0_ES.jpg?imwidth=392"
  },
  {
    "categoria": "Perros",
    "nombre": "Snack para perros tiras con ternera Deliperro de Dia bolsa 120 g",
    "precio_unitario": "1,29 €",
    "precio_por_unidad": "(10,75 €/kg)",
    "imagen": "https://www.dia.es/product_images/296066/296066_ISO_0_ES.jpg?imwidth=392"
  },
  {
    "categoria": "Perros",
    "nombre": "Salchicha para perros de carne Deliperro de Dia 1 Kg",
    "precio_unitario": "1,80 €",
    "precio_por_unidad": "(1,80 €/kg)",
    "imagen": "https://www.dia.es/product_images/296781/296781_ISO_0_ES.jpg?imwidth=392"
  },
  {
    "categoria": "Perros",
    "nombre": "Snack para perros Pedigree Rodeo bolsa 70 g",
    "precio_unitario": "1,49 €",
    "precio_por_unidad": "(21,29 €/kg)",
    "imagen": "https://www.dia.es/product_images/85309/85309_ISO_0_ES.jpg?imwidth=392"
  },
  {
    "categoria": "Perros",
    "nombre": "Alimento para perros con pollo y cordero Pedigree tarrina 300 g",
    "precio_unitario": "2,89 €",
    "precio_por_unidad": "(9,63 €/kg)",
    "imagen": "https://www.dia.es/product_images/60019/60019_ISO_0_ES.jpg?imwidth=392"
  },
  {
    "categoria": "Perros",
    "nombre": "Snack para perros picnic con pollo Friskies bolsa 42 g",
    "precio_unitario": "1,29 €",
    "precio_por_unidad": "(30,71 €/kg)",
    "imagen": "https://www.dia.es/product_images/303800/303800_ISO_0_ES.jpg?imwidth=392"
  },
  {
    "categoria": "Perros",
    "nombre": "Alimento para perros completo mix Friskies bolsa 4 x 85 g",
    "precio_unitario": "2,69 €",
    "precio_por_unidad": "(7,91 €/kg)",
    "imagen": "https://www.dia.es/product_images/303574/303574_ISO_0_ES.jpg?imwidth=392"
  },
  {
    "categoria": "Perros",
    "nombre": "Alimento para perros mini con pollo Ultima Pro+ bolsa 1.1 Kg",
    "precio_unitario": "5,38 €",
    "precio_por_unidad": "(4,89 €/kg)",
    "imagen": "https://www.dia.es/product_images/301831/301831_ISO_0_ES.jpg?imwidth=392"
  },
  {
    "categoria": "Perros",
    "nombre": "Alimento para perros mini adultos mix salmón/pavo Ultima bolsa 4 x 100 g",
    "precio_unitario": "2,79 €",
    "precio_por_unidad": "(6,98 €/kg)",
    "imagen": "https://www.dia.es/product_images/301317/301317_ISO_0_ES.jpg?imwidth=392"
  },
  {
    "categoria": "Perros",
    "nombre": "Alimento para perros mini junior con pollo Ultima bolsa 800 g",
    "precio_unitario": "4,95 €",
    "precio_por_unidad": "(6,19 €/kg)",
    "imagen": "https://www.dia.es/product_images/301316/301316_ISO_0_ES.jpg?imwidth=392"
  },
  {
    "categoria": "Perros",
    "nombre": "Alimento para perros adultos con pollo Ultima tarrina 150 g",
    "precio_unitario": "1,49 €",
    "precio_por_unidad": "(9,93 €/kg)",
    "imagen": "https://www.dia.es/product_images/300429/300429_ISO_0_ES.jpg?imwidth=392"
  },
  {
    "categoria": "Perros",
    "nombre": "Alimento para perros adultos mix pollo / buey Ultima bolsa 4 x 100 g",
    "precio_unitario": "2,79 €",
    "precio_por_unidad": "(6,98 €/kg)",
    "imagen": "https://www.dia.es/product_images/300428/300428_ISO_0_ES.jpg?imwidth=392"
  },
  {
    "categoria": "Perros",
    "nombre": "Alimento para perros mini adulto con salmón Ultima bolsa 1.25 Kg",
    "precio_unitario": "7,79 €",
    "precio_por_unidad": "(6,23 €/kg)",
    "imagen": "https://www.dia.es/product_images/298732/298732_ISO_0_ES.jpg?imwidth=392"
  },
  {
    "categoria": "Perros",
    "nombre": "Hueso de calcio natural para perros Biozoo bolsa 1 unidad",
    "precio_unitario": "2,29 €",
    "precio_por_unidad": "(2,29 €/ud)",
    "imagen": "https://www.dia.es/product_images/298564/298564_ISO_0_ES.jpg?imwidth=392"
  },
  {
    "categoria": "Perros",
    "nombre": "Alimento para perros paté de cerdo Deliperro de Dia lata 400 g",
    "precio_unitario": "1,49 €",
    "precio_por_unidad": "(3,73 €/kg)",
    "imagen": "https://www.dia.es/product_images/297884/297884_ISO_0_ES.jpg?imwidth=392"
  },
  {
    "categoria": "Perros",
    "nombre": "Alimento para perros paté de ave Deliperro de Dia lata 400 g",
    "precio_unitario": "1,49 €",
    "precio_por_unidad": "(3,73 €/kg)",
    "imagen": "https://www.dia.es/product_images/297883/297883_ISO_0_ES.jpg?imwidth=392"
  },
  {
    "categoria": "Perros",
    "nombre": "Paté para perros mini junior con pollo y pavo Deliperro de Dia tarrina 150 g",
    "precio_unitario": "0,99 €",
    "precio_por_unidad": "(6,60 €/kg)",
    "imagen": "https://www.dia.es/product_images/297350/297350_ISO_0_ES.jpg?imwidth=392"
  },
  {
    "categoria": "Perros",
    "nombre": "Paté para perros con buey Deliperro de Dia tarrina 150 g",
    "precio_unitario": "0,99 €",
    "precio_por_unidad": "(6,60 €/kg)",
    "imagen": "https://www.dia.es/product_images/297347/297347_ISO_0_ES.jpg?imwidth=392"
  },
  {
    "categoria": "Perros",
    "nombre": "Paté para perros cachorros con pollo Deliperro de Dia tarrina 300 g",
    "precio_unitario": "0,95 €",
    "precio_por_unidad": "(3,17 €/kg)",
    "imagen": "https://www.dia.es/product_images/297345/297345_ISO_0_ES.jpg?imwidth=392"
  },
  {
    "categoria": "Perros",
    "nombre": "Paté para perros senior con pollo Deliperro de Dia tarrina 300 g",
    "precio_unitario": "0,95 €",
    "precio_por_unidad": "(3,17 €/kg)",
    "imagen": "https://www.dia.es/product_images/297343/297343_ISO_0_ES.jpg?imwidth=392"
  },
  {
    "categoria": "Perros",
    "nombre": "Alimentos para perros mini hamburguesas Deliperro de Dia bolsa 70 g",
    "precio_unitario": "1,99 €",
    "precio_por_unidad": "(28,43 €/kg)",
    "imagen": "https://www.dia.es/product_images/296074/296074_ISO_0_ES.jpg?imwidth=392"
  },
  {
    "categoria": "Perros",
    "nombre": "Snack para perros sticks de cuero natural Deliperro de Dia bolsa 100 g",
    "precio_unitario": "2,39 €",
    "precio_por_unidad": "(23,90 €/kg)",
    "imagen": "https://www.dia.es/product_images/296072/296072_ISO_0_ES.jpg?imwidth=392"
  },
  {
    "categoria": "Perros",
    "nombre": "Ministick dental para perros Deliperro de Dia bolsa 110 g",
    "precio_unitario": "1,29 €",
    "precio_por_unidad": "(11,73 €/kg)",
    "imagen": "https://www.dia.es/product_images/296070/296070_ISO_0_ES.jpg?imwidth=392"
  },
  {
    "categoria": "Perros",
    "nombre": "Snack para perros hueso prensado Deliperro de Dia bolsa 2 unidades",
    "precio_unitario": "1,79 €",
    "precio_por_unidad": "(0,90 €/ud)",
    "imagen": "https://www.dia.es/product_images/296068/296068_ISO_0_ES.jpg?imwidth=392"
  },
  {
    "categoria": "Perros",
    "nombre": "Snack para perros big bones con pollo Deliperro de Dia bolsa 200 g",
    "precio_unitario": "1,79 €",
    "precio_por_unidad": "(8,95 €/kg)",
    "imagen": "https://www.dia.es/product_images/296067/296067_ISO_0_ES.jpg?imwidth=392"
  },
  {
    "categoria": "Perros",
    "nombre": "Snack para perros sticks con pollo Deliperro de Dia bolsa 88 g",
    "precio_unitario": "1,05 €",
    "precio_por_unidad": "(11,93 €/kg)",
    "imagen": "https://www.dia.es/product_images/296064/296064_ISO_0_ES.jpg?imwidth=392"
  },
  {
    "categoria": "Perros",
    "nombre": "Alimento para perros adultos con buey y verduras Brekkies bolsa 2.5 Kg",
    "precio_unitario": "9,45 €",
    "precio_por_unidad": "(3,78 €/kg)",
    "imagen": "https://www.dia.es/product_images/295343/295343_ISO_0_ES.jpg?imwidth=392"
  },
  {
    "categoria": "Perros",
    "nombre": "Snack para perros medianos dentaxtix Pedigree Dentastix bolsa 128 g",
    "precio_unitario": "2,29 €",
    "precio_por_unidad": "(20,82 €/kg)",
    "imagen": "https://www.dia.es/product_images/288808/288808_ISO_0_ES.jpg?imwidth=392"
  },
  {
    "categoria": "Perros",
    "nombre": "Snack para perros dentaxtix grandes Pedigree Dentastix bolsa 154 g",
    "precio_unitario": "2,29 €",
    "precio_por_unidad": "(20,82 €/kg)",
    "imagen": "https://www.dia.es/product_images/288807/288807_ISO_0_ES.jpg?imwidth=392"
  },
  {
    "categoria": "Perros",
    "nombre": "Alimento para perros con salmón Brekkies Delicious bolsa 2.7 Kg",
    "precio_unitario": "9,79 €",
    "precio_por_unidad": "(3,63 €/kg)",
    "imagen": "https://www.dia.es/product_images/285498/285498_ISO_0_ES.jpg?imwidth=392"
  },
  {
    "categoria": "Perros",
    "nombre": "Snack para perros con buey Vitakraft bolsa 12 g",
    "precio_unitario": "0,59 €",
    "precio_por_unidad": "(49,17 €/kg)",
    "imagen": "https://www.dia.es/product_images/260283/260283_ISO_0_ES.jpg?imwidth=392"
  },
  {
    "categoria": "Perros",
    "nombre": "Alimento para perros mini adulto con buey Ultima bolsa 1.5 Kg",
    "precio_unitario": "7,79 €",
    "precio_por_unidad": "(5,19 €/kg)",
    "imagen": "https://www.dia.es/product_images/252878/252878_ISO_0_ES.jpg?imwidth=392"
  },
  {
    "categoria": "Perros",
    "nombre": "Alimento para perros mini sensitive con salmón Ultima bolsa 1.5 Kg",
    "precio_unitario": "9,09 €",
    "precio_por_unidad": "(6,06 €/kg)",
    "imagen": "https://www.dia.es/product_images/234365/234365_ISO_0_ES.jpg?imwidth=392"
  },
  {
    "categoria": "Perros",
    "nombre": "Alimento para perros mini con cordero Ultima bolsa 1.25 Kg",
    "precio_unitario": "9,95 €",
    "precio_por_unidad": "(7,96 €/kg)",
    "imagen": "https://www.dia.es/product_images/231411/231411_ISO_0_ES.jpg?imwidth=392"
  },
  {
    "categoria": "Perros",
    "nombre": "Bocaditos en salsa para perros mini As Dia bolsa 400 g",
    "precio_unitario": "1,99 €",
    "precio_por_unidad": "(4,98 €/kg)",
    "imagen": "https://www.dia.es/product_images/228532/228532_ISO_0_ES.jpg?imwidth=392"
  },
  {
    "categoria": "Perros",
    "nombre": "Alimento para perros alta energía rico en pollo con arroz As Dia bolsa 12 Kg",
    "precio_unitario": "18,99 €",
    "precio_por_unidad": "(1,58 €/kg)",
    "imagen": "https://www.dia.es/product_images/221209/221209_ISO_0_ES.jpg?imwidth=392"
  },
  {
    "categoria": "Perros",
    "nombre": "Alimento para perros mini rico en ave con arroz y guisantes As Dia bolsa 1 Kg",
    "precio_unitario": "3,29 €",
    "precio_por_unidad": "(3,29 €/kg)",
    "imagen": "https://www.dia.es/product_images/208281/208281_ISO_0_ES.jpg?imwidth=392"
  },
  {
    "categoria": "Perros",
    "nombre": "Alimento para perros junior mini rico en pollo As Dia bolsa 800 g",
    "precio_unitario": "2,99 €",
    "precio_por_unidad": "(3,74 €/kg)",
    "imagen": "https://www.dia.es/product_images/208171/208171_ISO_0_ES.jpg?imwidth=392"
  },
  {
    "categoria": "Perros",
    "nombre": "Alimento para perros adultos rico en pollo As Dia bolsa 4 Kg",
    "precio_unitario": "11,89 €",
    "precio_por_unidad": "(2,97 €/kg)",
    "imagen": "https://www.dia.es/product_images/208169/208169_ISO_0_ES.jpg?imwidth=392"
  },
  {
    "categoria": "Perros",
    "nombre": "Alimento para perros mini rico en salmón As Dia bolsa 2 Kg",
    "precio_unitario": "6,65 €",
    "precio_por_unidad": "(3,33 €/kg)",
    "imagen": "https://www.dia.es/product_images/208166/208166_ISO_0_ES.jpg?imwidth=392"
  },
  {
    "categoria": "Perros",
    "nombre": "Alimento para perros selección de carnes Bon menu bolsa 10 Kg",
    "precio_unitario": "22,19 €",
    "precio_por_unidad": "(2,22 €/kg)",
    "imagen": "https://www.dia.es/product_images/188110/188110_ISO_0_ES.jpg?imwidth=392"
  },
  {
    "categoria": "Perros",
    "nombre": "Alimento para perros adulto con pollo y arroz Ultima bolsa 7.5 Kg",
    "precio_unitario": "32,90 €",
    "precio_por_unidad": "(4,39 €/kg)",
    "imagen": "https://www.dia.es/product_images/182394/182394_ISO_0_ES.jpg?imwidth=392"
  },
  {
    "categoria": "Perros",
    "nombre": "Alimento para perro active Friskies bolsa 3 Kg",
    "precio_unitario": "9,49 €",
    "precio_por_unidad": "(3,16 €/kg)",
    "imagen": "https://www.dia.es/product_images/180626/180626_ISO_0_ES.jpg?imwidth=392"
  },
  {
    "categoria": "Perros",
    "nombre": "Alimento para perros senior Ultima bolsa 3 Kg",
    "precio_unitario": "15,09 €",
    "precio_por_unidad": "(5,03 €/kg)",
    "imagen": "https://www.dia.es/product_images/172751/172751_ISO_0_ES.jpg?imwidth=392"
  },
  {
    "categoria": "Perros",
    "nombre": "Alimento para perros selección de la huerta con pollo Cesar tarrina 150 g",
    "precio_unitario": "1,29 €",
    "precio_por_unidad": "(8,60 €/kg)",
    "imagen": "https://www.dia.es/product_images/171038/171038_ISO_0_ES.jpg?imwidth=392"
  },
  {
    "categoria": "Perros",
    "nombre": "Alimento para perros mini con buey Purina one bolsa 800 g",
    "precio_unitario": "4,99 €",
    "precio_por_unidad": "(6,24 €/kg)",
    "imagen": "https://www.dia.es/product_images/160680/160680_ISO_0_ES.jpg?imwidth=392"
  },
  {
    "categoria": "Perros",
    "nombre": "Alimento para perros completo Cesar caja 600 g",
    "precio_unitario": "6,29 €",
    "precio_por_unidad": "(10,48 €/kg)",
    "imagen": "https://www.dia.es/product_images/160671/160671_ISO_0_ES.jpg?imwidth=392"
  },
  {
    "categoria": "Perros",
    "nombre": "Snack para perros beef stick de caza Vitakraft 12 g",
    "precio_unitario": "0,59 €",
    "precio_por_unidad": "(49,17 €/kg)",
    "imagen": "https://www.dia.es/product_images/155929/155929_ISO_0_ES.jpg?imwidth=392"
  },
  {
    "categoria": "Perros",
    "nombre": "Snack para perros con pavo Vitakraft 12 g",
    "precio_unitario": "0,59 €",
    "precio_por_unidad": "(49,17 €/kg)",
    "imagen": "https://www.dia.es/product_images/155928/155928_ISO_0_ES.jpg?imwidth=392"
  },
  {
    "categoria": "Perros",
    "nombre": "Alimento para perros adultos con aves y verduras Friskies bolsa 3 Kg",
    "precio_unitario": "8,99 €",
    "precio_por_unidad": "(3,00 €/kg)",
    "imagen": "https://www.dia.es/product_images/155562/155562_ISO_0_ES.jpg?imwidth=392"
  },
  {
    "categoria": "Perros",
    "nombre": "Alimento para perros yorkshire terrier con pollo y arroz Ultima bolsa 1.5 Kg",
    "precio_unitario": "9,09 €",
    "precio_por_unidad": "(6,06 €/kg)",
    "imagen": "https://www.dia.es/product_images/155514/155514_ISO_0_ES.jpg?imwidth=392"
  },
  {
    "categoria": "Perros",
    "nombre": "Alimento para perros adultos con buey Brekkies Delicious bolsa 3 Kg",
    "precio_unitario": "9,79 €",
    "precio_por_unidad": "(3,26 €/kg)",
    "imagen": "https://www.dia.es/product_images/152919/152919_ISO_0_ES.jpg?imwidth=392"
  },
  {
    "categoria": "Perros",
    "nombre": "Paté para perros mini con buey e hígado Pedigree tarrina 300 g",
    "precio_unitario": "2,89 €",
    "precio_por_unidad": "(9,63 €/kg)",
    "imagen": "https://www.dia.es/product_images/151716/151716_ISO_0_ES.jpg?imwidth=392"
  },
  {
    "categoria": "Perros",
    "nombre": "Alimento para perros con pollo Cesar tarrina 150 g",
    "precio_unitario": "1,69 €",
    "precio_por_unidad": "(11,27 €/kg)",
    "imagen": "https://www.dia.es/product_images/151455/151455_ISO_0_ES.jpg?imwidth=392"
  },
  {
    "categoria": "Perros",
    "nombre": "Paté para perros senior con pollo Cesar tarrina 150 g",
    "precio_unitario": "1,69 €",
    "precio_por_unidad": "(11,27 €/kg)",
    "imagen": "https://www.dia.es/product_images/151454/151454_ISO_0_ES.jpg?imwidth=392"
  },
  {
    "categoria": "Perros",
    "nombre": "Snack para perros funtastick sabor jamón /queso Friskies bolsa 175 g",
    "precio_unitario": "2,35 €",
    "precio_por_unidad": "(13,43 €/kg)",
    "imagen": "https://www.dia.es/product_images/148455/148455_ISO_0_ES.jpg?imwidth=392"
  },
  {
    "categoria": "Perros",
    "nombre": "Alimento para perros junior con pollo y arroz Ultima bolsa 3 Kg",
    "precio_unitario": "15,09 €",
    "precio_por_unidad": "(5,03 €/kg)",
    "imagen": "https://www.dia.es/product_images/130340/130340_ISO_0_ES.jpg?imwidth=392"
  },
  {
    "categoria": "Perros",
    "nombre": "Alimento para perros adultos con pollo y arroz Ultima bolsa 3 Kg",
    "precio_unitario": "13,45 €",
    "precio_por_unidad": "(4,48 €/kg)",
    "imagen": "https://www.dia.es/product_images/130333/130333_ISO_0_ES.jpg?imwidth=392"
  },
  {
    "categoria": "Perros",
    "nombre": "Alimento para perros completo Friskies bolsa 10 Kg",
    "precio_unitario": "24,99 €",
    "precio_por_unidad": "(2,50 €/kg)",
    "imagen": "https://www.dia.es/product_images/130332/130332_ISO_0_ES.jpg?imwidth=392"
  },
  {
    "categoria": "Perros",
    "nombre": "Alimento para perros mini senior Ultima bolsa 1.5 Kg",
    "precio_unitario": "9,09 €",
    "precio_por_unidad": "(6,06 €/kg)",
    "imagen": "https://www.dia.es/product_images/129315/129315_ISO_0_ES.jpg?imwidth=392"
  },
  {
    "categoria": "Perros",
    "nombre": "Snack para perros mini Pedigree Dentastix bolsa 110 g",
    "precio_unitario": "2,29 €",
    "precio_por_unidad": "(20,82 €/kg)",
    "imagen": "https://www.dia.es/product_images/127938/127938_ISO_0_ES.jpg?imwidth=392"
  },
  {
    "categoria": "Perros",
    "nombre": "Alimento para perros senior As Dia bolsa 3 Kg",
    "precio_unitario": "6,15 €",
    "precio_por_unidad": "(2,05 €/kg)",
    "imagen": "https://www.dia.es/product_images/102630/102630_ISO_0_ES.jpg?imwidth=392"
  },
  {
    "categoria": "Gatos",
    "nombre": "Arena para gatos absorbente Deligato Dia bolsa 5 Kg",
    "precio_unitario": "1,40 €",
    "precio_por_unidad": "(0,28 €/kg)",
    "imagen": "https://www.dia.es/product_images/270111/270111_ISO_0_ES.jpg?imwidth=392"
  },
  {
    "categoria": "Gatos",
    "nombre": "Arena para gatos compacta Deligato Dia caja 4 Kg",
    "precio_unitario": "3,49 €",
    "precio_por_unidad": "(0,87 €/kg)",
    "imagen": "https://www.dia.es/product_images/270113/270113_ISO_0_ES.jpg?imwidth=392"
  },
  {
    "categoria": "Gatos",
    "nombre": "Arena para gatos absorbente perfumada Deligato Dia bolsa 5 Kg",
    "precio_unitario": "1,89 €",
    "precio_por_unidad": "(0,38 €/kg)",
    "imagen": "https://www.dia.es/product_images/270112/270112_ISO_0_ES.jpg?imwidth=392"
  },
  {
    "categoria": "Gatos",
    "nombre": "Snack para gatos sticks de salmón Deligato Dia bolsa 10 unidades",
    "precio_unitario": "1,05 €",
    "precio_por_unidad": "(0,11 €/ud)",
    "imagen": "https://www.dia.es/product_images/296062/296062_ISO_0_ES.jpg?imwidth=392"
  },
  {
    "categoria": "Gatos",
    "nombre": "Alimento para gatos multicomponente sabor pescado As Dia bolsa 4 Kg",
    "precio_unitario": "6,89 €",
    "precio_por_unidad": "(1,72 €/kg)",
    "imagen": "https://www.dia.es/product_images/128356/128356_ISO_0_ES.jpg?imwidth=392"
  },
  {
    "categoria": "Gatos",
    "nombre": "Paté para gato junior con pollo y pavo Deligato Dia tarrina 100 g",
    "precio_unitario": "0,45 €",
    "precio_por_unidad": "(4,50 €/kg)",
    "imagen": "https://www.dia.es/product_images/297339/297339_ISO_0_ES.jpg?imwidth=392"
  },
  {
    "categoria": "Gatos",
    "nombre": "Bocaditos en gelatina para gatos adultos As Dia bolsa 1.2 Kg",
    "precio_unitario": "3,85 €",
    "precio_por_unidad": "(3,21 €/kg)",
    "imagen": "https://www.dia.es/product_images/229979/229979_ISO_0_ES.jpg?imwidth=392"
  },
  {
    "categoria": "Gatos",
    "nombre": "Alimento para gatos bocaditos con trucha, salmón y verduras Deligato Dia lata 400 g",
    "precio_unitario": "0,79 €",
    "precio_por_unidad": "(1,98 €/kg)",
    "imagen": "https://www.dia.es/product_images/297218/297218_ISO_0_ES.jpg?imwidth=392"
  },
  {
    "categoria": "Gatos",
    "nombre": "Snack para gatos rellenos con pollo y malta Deligato Dia bolsa 60 g",
    "precio_unitario": "0,94 €",
    "precio_por_unidad": "(15,67 €/kg)",
    "imagen": "https://www.dia.es/product_images/296059/296059_ISO_0_ES.jpg?imwidth=392"
  },
  {
    "categoria": "Gatos",
    "nombre": "Alimento para gatos en gelatina sabor carne Felix bolsa 340 g",
    "precio_unitario": "1,99 €",
    "precio_por_unidad": "(5,85 €/kg)",
    "imagen": "https://www.dia.es/product_images/283040/283040_ISO_0_ES.jpg?imwidth=392"
  },
  {
    "categoria": "Gatos",
    "nombre": "Alimento para gatos en gelatina sabor pescado Felix bolsa 340 g",
    "precio_unitario": "1,99 €",
    "precio_por_unidad": "(5,85 €/kg)",
    "imagen": "https://www.dia.es/product_images/283041/283041_ISO_0_ES.jpg?imwidth=392"
  },
  {
    "categoria": "Gatos",
    "nombre": "Arena para gatos magic clean Vitakraft bolsa 1.85 Kg",
    "precio_unitario": "5,89 €",
    "precio_por_unidad": "(3,18 €/kg)",
    "imagen": "https://www.dia.es/product_images/231312/231312_ISO_0_ES.jpg?imwidth=392"
  },
  {
    "categoria": "Gatos",
    "nombre": "Alimento para gatos bocaditos con buey y verduras Deligato Dia lata 400 g",
    "precio_unitario": "0,79 €",
    "precio_por_unidad": "(1,98 €/kg)",
    "imagen": "https://www.dia.es/product_images/297217/297217_ISO_0_ES.jpg?imwidth=392"
  },
  {
    "categoria": "Gatos",
    "nombre": "Alimento para gatos junior rico en pollo y arroz Ultima bolsa 400 g",
    "precio_unitario": "3,09 €",
    "precio_por_unidad": "(7,73 €/kg)",
    "imagen": "https://www.dia.es/product_images/189964/189964_ISO_0_ES.jpg?imwidth=392"
  },
  {
    "categoria": "Gatos",
    "nombre": "Paté para gato con salmón y trucha Deligato Dia tarrina 100 g",
    "precio_unitario": "0,45 €",
    "precio_por_unidad": "(4,50 €/kg)",
    "imagen": "https://www.dia.es/product_images/297337/297337_ISO_0_ES.jpg?imwidth=392"
  },
  {
    "categoria": "Gatos",
    "nombre": "Alimento para gatos esterilizados con pollo Ultima bolsa 1.5 Kg",
    "precio_unitario": "10,49 €",
    "precio_por_unidad": "(6,99 €/kg)",
    "imagen": "https://www.dia.es/product_images/275227/275227_ISO_0_ES.jpg?imwidth=392"
  },
  {
    "categoria": "Gatos",
    "nombre": "Mousse para gatos con atún Deligato Dia lata 85 g",
    "precio_unitario": "0,65 €",
    "precio_por_unidad": "(7,65 €/kg)",
    "imagen": "https://www.dia.es/product_images/297315/297315_ISO_0_ES.jpg?imwidth=392"
  },
  {
    "categoria": "Gatos",
    "nombre": "Snack para gatos sticks de pollo e hígado Deligato Dia bolsa 10 unidades",
    "precio_unitario": "1,05 €",
    "precio_por_unidad": "(0,11 €/ud)",
    "imagen": "https://www.dia.es/product_images/296061/296061_ISO_0_ES.jpg?imwidth=392"
  },
  {
    "categoria": "Gatos",
    "nombre": "Alimento para gatos salmón Friskies bolsa 3 Kg",
    "precio_unitario": "9,69 €",
    "precio_por_unidad": "(3,23 €/kg)",
    "imagen": "https://www.dia.es/product_images/84820/84820_ISO_0_ES.jpg?imwidth=392"
  },
  {
    "categoria": "Gatos",
    "nombre": "Mousse para gatos con pescado Gourmet lata 85 g",
    "precio_unitario": "0,85 €",
    "precio_por_unidad": "(10,00 €/kg)",
    "imagen": "https://www.dia.es/product_images/37161/37161_ISO_0_ES.jpg?imwidth=392"
  },
  {
    "categoria": "Gatos",
    "nombre": "Alimento para gatos con pollo Vitakraft bolsa 85 g",
    "precio_unitario": "0,80 €",
    "precio_por_unidad": "(9,41 €/kg)",
    "imagen": "https://www.dia.es/product_images/303473/303473_ISO_0_ES.jpg?imwidth=392"
  },
  {
    "categoria": "Gatos",
    "nombre": "Alimento para gatos junior con pavo Vitakraft bolsa 85 g",
    "precio_unitario": "0,80 €",
    "precio_por_unidad": "(9,41 €/kg)",
    "imagen": "https://www.dia.es/product_images/303472/303472_ISO_0_ES.jpg?imwidth=392"
  },
  {
    "categoria": "Gatos",
    "nombre": "Alimento para gatos completo Biurk bolsa 7.5 Kg",
    "precio_unitario": "10,99 €",
    "precio_por_unidad": "(1,47 €/kg)",
    "imagen": "https://www.dia.es/product_images/302667/302667_ISO_0_ES.jpg?imwidth=392"
  },
  {
    "categoria": "Gatos",
    "nombre": "Alimento para gatos esterilizados con salmón Ultima Pro+ bolsa 375 g",
    "precio_unitario": "2,58 €",
    "precio_por_unidad": "(6,89 €/kg)",
    "imagen": "https://www.dia.es/product_images/301830/301830_ISO_0_ES.jpg?imwidth=392"
  },
  {
    "categoria": "Gatos",
    "nombre": "Alimento para gatos esterilizados con pollo Ultima Pro+ bolsa 375 g",
    "precio_unitario": "2,58 €",
    "precio_por_unidad": "(6,89 €/kg)",
    "imagen": "https://www.dia.es/product_images/301829/301829_ISO_0_ES.jpg?imwidth=392"
  },
  {
    "categoria": "Gatos",
    "nombre": "Alimento para gatos esterilizados anti bolas de pelo con pavo Ultima bolsa 440 g",
    "precio_unitario": "3,69 €",
    "precio_por_unidad": "(8,39 €/kg)",
    "imagen": "https://www.dia.es/product_images/301586/301586_ISO_0_ES.jpg?imwidth=392"
  },
  {
    "categoria": "Gatos",
    "nombre": "Alimento para gatos esterilizados con buey Ultima bolsa 440 g",
    "precio_unitario": "3,69 €",
    "precio_por_unidad": "(8,39 €/kg)",
    "imagen": "https://www.dia.es/product_images/301585/301585_ISO_0_ES.jpg?imwidth=392"
  },
  {
    "categoria": "Gatos",
    "nombre": "Alimento para gatos con pollo Ultima lata 85 g",
    "precio_unitario": "0,99 €",
    "precio_por_unidad": "(11,65 €/kg)",
    "imagen": "https://www.dia.es/product_images/300431/300431_ISO_0_ES.jpg?imwidth=392"
  },
  {
    "categoria": "Gatos",
    "nombre": "Alimento para gatos con pescado Ultima lata 85 g",
    "precio_unitario": "0,99 €",
    "precio_por_unidad": "(11,65 €/kg)",
    "imagen": "https://www.dia.es/product_images/300430/300430_ISO_0_ES.jpg?imwidth=392"
  },
  {
    "categoria": "Gatos",
    "nombre": "Alimento para gatos paté de ternera Deligato Dia lata 400 g",
    "precio_unitario": "1,49 €",
    "precio_por_unidad": "(3,73 €/kg)",
    "imagen": "https://www.dia.es/product_images/297886/297886_ISO_0_ES.jpg?imwidth=392"
  },
  {
    "categoria": "Gatos",
    "nombre": "Alimento para gatos paté con pollo Deligato Dia lata 400 g",
    "precio_unitario": "1,49 €",
    "precio_por_unidad": "(3,73 €/kg)",
    "imagen": "https://www.dia.es/product_images/297885/297885_ISO_0_ES.jpg?imwidth=392"
  },
  {
    "categoria": "Gatos",
    "nombre": "Alimento para gato bocaditos en salsa Deligato Dia caja 12 x 100 g",
    "precio_unitario": "3,99 €",
    "precio_por_unidad": "(3,33 €/kg)",
    "imagen": "https://www.dia.es/product_images/297532/297532_ISO_0_ES.jpg?imwidth=392"
  },
  {
    "categoria": "Gatos",
    "nombre": "Paté para gato esterilizado con pollo Deligato Dia tarrina 100 g",
    "precio_unitario": "0,45 €",
    "precio_por_unidad": "(4,50 €/kg)",
    "imagen": "https://www.dia.es/product_images/297338/297338_ISO_0_ES.jpg?imwidth=392"
  },
  {
    "categoria": "Gatos",
    "nombre": "Paté para gato con buey Deligato Dia tarrina 100 g",
    "precio_unitario": "0,45 €",
    "precio_por_unidad": "(4,50 €/kg)",
    "imagen": "https://www.dia.es/product_images/297336/297336_ISO_0_ES.jpg?imwidth=392"
  },
  {
    "categoria": "Gatos",
    "nombre": "Mousse para gatos con pato Deligato Dia lata 85 g",
    "precio_unitario": "0,65 €",
    "precio_por_unidad": "(7,65 €/kg)",
    "imagen": "https://www.dia.es/product_images/297318/297318_ISO_0_ES.jpg?imwidth=392"
  },
  {
    "categoria": "Gatos",
    "nombre": "Mousse para gatos con pollo Deligato Dia lata 85 g",
    "precio_unitario": "0,65 €",
    "precio_por_unidad": "(7,65 €/kg)",
    "imagen": "https://www.dia.es/product_images/297317/297317_ISO_0_ES.jpg?imwidth=392"
  },
  {
    "categoria": "Gatos",
    "nombre": "Mousse para gatos con buey Deligato Dia lata 85 g",
    "precio_unitario": "0,65 €",
    "precio_por_unidad": "(7,65 €/kg)",
    "imagen": "https://www.dia.es/product_images/297316/297316_ISO_0_ES.jpg?imwidth=392"
  },
  {
    "categoria": "Gatos",
    "nombre": "Snack para gatos líquido de pollo y salmón Deligato Dia bolsa 105 g",
    "precio_unitario": "1,40 €",
    "precio_por_unidad": "(13,33 €/kg)",
    "imagen": "https://www.dia.es/product_images/296060/296060_ISO_0_ES.jpg?imwidth=392"
  },
  {
    "categoria": "Gatos",
    "nombre": "Snacks para gatos rellenos con salmón Deligato Dia bolsa 60 g",
    "precio_unitario": "1,19 €",
    "precio_por_unidad": "(19,83 €/kg)",
    "imagen": "https://www.dia.es/product_images/296058/296058_ISO_0_ES.jpg?imwidth=392"
  },
  {
    "categoria": "Gatos",
    "nombre": "Snack para gato de pollo con hierba 3 unidades Vitakraft bolsa 18 g",
    "precio_unitario": "1,15 €",
    "precio_por_unidad": "(63,89 €/kg)",
    "imagen": "https://www.dia.es/product_images/295045/295045_ISO_0_ES.jpg?imwidth=392"
  },
  {
    "categoria": "Gatos",
    "nombre": "Snack para gatos con pollo y calabaza Nestlé caja 50 g",
    "precio_unitario": "2,59 €",
    "precio_por_unidad": "(51,80 €/kg)",
    "imagen": "https://www.dia.es/product_images/293026/293026_ISO_0_ES.jpg?imwidth=392"
  },
  {
    "categoria": "Gatos",
    "nombre": "Alimento para gatos senior aves en gelatina Whiskas bolsa 340 g",
    "precio_unitario": "2,39 €",
    "precio_por_unidad": "(7,03 €/kg)",
    "imagen": "https://www.dia.es/product_images/292975/292975_ISO_0_ES.jpg?imwidth=392"
  },
  {
    "categoria": "Gatos",
    "nombre": "Alimento para gatos selección carnes en salsa Whiskas bolsa 340 g",
    "precio_unitario": "2,39 €",
    "precio_por_unidad": "(7,03 €/kg)",
    "imagen": "https://www.dia.es/product_images/292974/292974_ISO_0_ES.jpg?imwidth=392"
  },
  {
    "categoria": "Gatos",
    "nombre": "Alimento para gatos selección pescado en gelatina Whiskas bolsa 340 g",
    "precio_unitario": "2,39 €",
    "precio_por_unidad": "(7,03 €/kg)",
    "imagen": "https://www.dia.es/product_images/292640/292640_ISO_0_ES.jpg?imwidth=392"
  },
  {
    "categoria": "Gatos",
    "nombre": "Alimento para gatos junior aves en gelatina Whiskas bolsa 340 g",
    "precio_unitario": "2,59 €",
    "precio_por_unidad": "(7,62 €/kg)",
    "imagen": "https://www.dia.es/product_images/292605/292605_ISO_0_ES.jpg?imwidth=392"
  },
  {
    "categoria": "Gatos",
    "nombre": "Alimento para gatos esterilizados con pollo Brekkies bolsa 3 Kg",
    "precio_unitario": "11,79 €",
    "precio_por_unidad": "(3,93 €/kg)",
    "imagen": "https://www.dia.es/product_images/285867/285867_ISO_0_ES.jpg?imwidth=392"
  },
  {
    "categoria": "Gatos",
    "nombre": "Alimento para gatos receta con buey Brekkies bolsa 3.5 Kg",
    "precio_unitario": "11,45 €",
    "precio_por_unidad": "(3,27 €/kg)",
    "imagen": "https://www.dia.es/product_images/285866/285866_ISO_0_ES.jpg?imwidth=392"
  },
  {
    "categoria": "Gatos",
    "nombre": "Mousse para gatos de pollo Gourmet caja 4 x 57 g",
    "precio_unitario": "3,39 €",
    "precio_por_unidad": "(14,87 €/kg)",
    "imagen": "https://www.dia.es/product_images/284384/284384_ISO_0_ES.jpg?imwidth=392"
  },
  {
    "categoria": "Gatos",
    "nombre": "Mousse para gatos de salmón Vitakraft lata 85 g",
    "precio_unitario": "0,79 €",
    "precio_por_unidad": "(9,29 €/kg)",
    "imagen": "https://www.dia.es/product_images/283122/283122_ISO_0_ES.jpg?imwidth=392"
  },
  {
    "categoria": "Gatos",
    "nombre": "Mousse para gatos con pollo Vitakraft lata 85 g",
    "precio_unitario": "0,79 €",
    "precio_por_unidad": "(9,29 €/kg)",
    "imagen": "https://www.dia.es/product_images/283121/283121_ISO_0_ES.jpg?imwidth=392"
  },
  {
    "categoria": "Gatos",
    "nombre": "Alimento para gatos fantastic sabor festín del mar 4 unidades Felix bolsa 340 g",
    "precio_unitario": "2,79 €",
    "precio_por_unidad": "(8,21 €/kg)",
    "imagen": "https://www.dia.es/product_images/283043/283043_ISO_0_ES.jpg?imwidth=392"
  },
  {
    "categoria": "Gatos",
    "nombre": "Alimento para gatos fantastic sabor carne Felix bolsa 4 x 85 g",
    "precio_unitario": "2,79 €",
    "precio_por_unidad": "(8,21 €/kg)",
    "imagen": "https://www.dia.es/product_images/283042/283042_ISO_0_ES.jpg?imwidth=392"
  },
  {
    "categoria": "Gatos",
    "nombre": "Mousse para gatos de salmón Gourmet caja 4 x 57 g",
    "precio_unitario": "3,39 €",
    "precio_por_unidad": "(14,87 €/kg)",
    "imagen": "https://www.dia.es/product_images/280375/280375_ISO_0_ES.jpg?imwidth=392"
  },
  {
    "categoria": "Gatos",
    "nombre": "Alimento para gatos tartalette Gourmet caja 8 x 85 g",
    "precio_unitario": "6,79 €",
    "precio_por_unidad": "(9,99 €/kg)",
    "imagen": "https://www.dia.es/product_images/280224/280224_ISO_0_ES.jpg?imwidth=392"
  },
  {
    "categoria": "Gatos",
    "nombre": "Alimento para gatos rico en ave As Dia bolsa 4 Kg",
    "precio_unitario": "6,69 €",
    "precio_por_unidad": "(1,67 €/kg)",
    "imagen": "https://www.dia.es/product_images/27831/27831_ISO_0_ES.jpg?imwidth=392"
  },
  {
    "categoria": "Gatos",
    "nombre": "Alimento para gatos con pollo y pavo rellenas de jamón Brekkies Delicious bolsa 900 g",
    "precio_unitario": "4,25 €",
    "precio_por_unidad": "(4,72 €/kg)",
    "imagen": "https://www.dia.es/product_images/277529/277529_ISO_0_ES.jpg?imwidth=392"
  },
  {
    "categoria": "Gatos",
    "nombre": "Alimento para gatos con salmón y atún rellenas de gamba Brekkies Delicious bolsa 900 g",
    "precio_unitario": "4,25 €",
    "precio_por_unidad": "(4,72 €/kg)",
    "imagen": "https://www.dia.es/product_images/277528/277528_ISO_0_ES.jpg?imwidth=392"
  },
  {
    "categoria": "Gatos",
    "nombre": "Snack líquido para gatos con salmón Vitakraft caja 90 g",
    "precio_unitario": "2,49 €",
    "precio_por_unidad": "(27,67 €/kg)",
    "imagen": "https://www.dia.es/product_images/273656/273656_ISO_0_ES.jpg?imwidth=392"
  },
  {
    "categoria": "Gatos",
    "nombre": "Alimento para gatos esterilizados con carne Ultima bolsa 340 g",
    "precio_unitario": "3,59 €",
    "precio_por_unidad": "(10,56 €/kg)",
    "imagen": "https://www.dia.es/product_images/272412/272412_ISO_0_ES.jpg?imwidth=392"
  },
  {
    "categoria": "Gatos",
    "nombre": "Alimento para gatos esterilizados con pescado Ultima bolsa 340 g",
    "precio_unitario": "3,59 €",
    "precio_por_unidad": "(10,56 €/kg)",
    "imagen": "https://www.dia.es/product_images/272086/272086_ISO_0_ES.jpg?imwidth=392"
  },
  {
    "categoria": "Gatos",
    "nombre": "Alimento para gatos adultos sabor salmón Ultima bolsa 750 g",
    "precio_unitario": "5,59 €",
    "precio_por_unidad": "(7,45 €/kg)",
    "imagen": "https://www.dia.es/product_images/271303/271303_ISO_0_ES.jpg?imwidth=392"
  },
  {
    "categoria": "Gatos",
    "nombre": "Alimento para gatos esterilizados anti bolas de pelo con trucha Ultima bolsa 1.5 Kg",
    "precio_unitario": "10,49 €",
    "precio_por_unidad": "(6,99 €/kg)",
    "imagen": "https://www.dia.es/product_images/269741/269741_ISO_0_ES.jpg?imwidth=392"
  },
  {
    "categoria": "Gatos",
    "nombre": "Alimento para gatos esterilizados y tracto urinario con pollo Ultima bolsa 1.5 Kg",
    "precio_unitario": "10,49 €",
    "precio_por_unidad": "(6,99 €/kg)",
    "imagen": "https://www.dia.es/product_images/269099/269099_ISO_0_ES.jpg?imwidth=392"
  },
  {
    "categoria": "Gatos",
    "nombre": "Alimento para gatos esterilizados con salmón Ultima bolsa 1.25 Kg",
    "precio_unitario": "10,90 €",
    "precio_por_unidad": "(8,72 €/kg)",
    "imagen": "https://www.dia.es/product_images/261679/261679_ISO_0_ES.jpg?imwidth=392"
  },
  {
    "categoria": "Gatos",
    "nombre": "Alimentos para gatos fondant pollo Gourmet lata 85 g",
    "precio_unitario": "0,85 €",
    "precio_por_unidad": "(10,00 €/kg)",
    "imagen": "https://www.dia.es/product_images/254321/254321_ISO_0_ES.jpg?imwidth=392"
  },
  {
    "categoria": "Gatos",
    "nombre": "Alimento para gatos esterilizados digestivo con trucha Ultima bolsa 1.5 kg",
    "precio_unitario": "10,49 €",
    "precio_por_unidad": "(6,99 €/kg)",
    "imagen": "https://www.dia.es/product_images/249839/249839_ISO_0_ES.jpg?imwidth=392"
  },
  {
    "categoria": "Gatos",
    "nombre": "Bocaditos en salsa para gatos adultos As Dia caja 1.2 Kg",
    "precio_unitario": "3,85 €",
    "precio_por_unidad": "(3,21 €/kg)",
    "imagen": "https://www.dia.es/product_images/229980/229980_ISO_0_ES.jpg?imwidth=392"
  },
  {
    "categoria": "Gatos",
    "nombre": "Alimento para gatos control bolas de pelo rico en salmón con guisantes As Dia bolsa 1.5 Kg",
    "precio_unitario": "5,49 €",
    "precio_por_unidad": "(3,66 €/kg)",
    "imagen": "https://www.dia.es/product_images/221213/221213_ISO_0_ES.jpg?imwidth=392"
  },
  {
    "categoria": "Gatos",
    "nombre": "Alimento para gatos control tracto urinario con conejo, arroz y guisantes As Dia bolsa 1.5 Kg",
    "precio_unitario": "5,49 €",
    "precio_por_unidad": "(3,66 €/kg)",
    "imagen": "https://www.dia.es/product_images/221212/221212_ISO_0_ES.jpg?imwidth=392"
  },
  {
    "categoria": "Gatos",
    "nombre": "Alimento para gatos esterilizados anti bolas de pelo con pavo Ultima bolsa 1.5 Kg",
    "precio_unitario": "10,49 €",
    "precio_por_unidad": "(6,99 €/kg)",
    "imagen": "https://www.dia.es/product_images/220419/220419_ISO_0_ES.jpg?imwidth=392"
  },
  {
    "categoria": "Gatos",
    "nombre": "Alimento para gatos senior As Dia bolsa 1.5 Kg",
    "precio_unitario": "3,89 €",
    "precio_por_unidad": "(2,59 €/kg)",
    "imagen": "https://www.dia.es/product_images/204128/204128_ISO_0_ES.jpg?imwidth=392"
  },
  {
    "categoria": "Gatos",
    "nombre": "Alimento para gatos esterilizados con salmón Ultima bolsa 1.5 Kg",
    "precio_unitario": "10,49 €",
    "precio_por_unidad": "(6,99 €/kg)",
    "imagen": "https://www.dia.es/product_images/194764/194764_ISO_0_ES.jpg?imwidth=392"
  },
  {
    "categoria": "Gatos",
    "nombre": "Alimento para gatos con atún/salmón/trucha Gourmet caja 300 g",
    "precio_unitario": "3,05 €",
    "precio_por_unidad": "(10,17 €/kg)",
    "imagen": "https://www.dia.es/product_images/184840/184840_ISO_0_ES.jpg?imwidth=392"
  },
  {
    "categoria": "Gatos",
    "nombre": "Alimento para gatos varios sabores Gourmet caja 300 g",
    "precio_unitario": "3,05 €",
    "precio_por_unidad": "(10,17 €/kg)",
    "imagen": "https://www.dia.es/product_images/184832/184832_ISO_0_ES.jpg?imwidth=392"
  },
  {
    "categoria": "Gatos",
    "nombre": "Alimento para gatos senior esterilizados Ultima bolsa 800 g",
    "precio_unitario": "6,19 €",
    "precio_por_unidad": "(7,74 €/kg)",
    "imagen": "https://www.dia.es/product_images/183315/183315_ISO_0_ES.jpg?imwidth=392"
  },
  {
    "categoria": "Gatos",
    "nombre": "Snack para gatos party mix ocean Felix bolsa 60 g",
    "precio_unitario": "1,87 €",
    "precio_por_unidad": "(31,17 €/kg)",
    "imagen": "https://www.dia.es/product_images/175779/175779_ISO_0_ES.jpg?imwidth=392"
  },
  {
    "categoria": "Gatos",
    "nombre": "Alimento para gatos doble sabor Gourmet lata 8 x 85 g",
    "precio_unitario": "6,79 €",
    "precio_por_unidad": "(9,99 €/kg)",
    "imagen": "https://www.dia.es/product_images/168697/168697_ISO_0_ES.jpg?imwidth=392"
  },
  {
    "categoria": "Gatos",
    "nombre": "Alimento para gatos con pollo Gourmet lata 85 g",
    "precio_unitario": "0,85 €",
    "precio_por_unidad": "(10,00 €/kg)",
    "imagen": "https://www.dia.es/product_images/161138/161138_ISO_0_ES.jpg?imwidth=392"
  },
  {
    "categoria": "Gatos",
    "nombre": "Snack para gatos party mix original Felix bolsa 60 g",
    "precio_unitario": "1,87 €",
    "precio_por_unidad": "(31,17 €/kg)",
    "imagen": "https://www.dia.es/product_images/155564/155564_ISO_0_ES.jpg?imwidth=392"
  },
  {
    "categoria": "Gatos",
    "nombre": "Snack para gatos con pollo Catisfaction bolsa 60 g",
    "precio_unitario": "1,99 €",
    "precio_por_unidad": "(33,17 €/kg)",
    "imagen": "https://www.dia.es/product_images/155539/155539_ISO_0_ES.jpg?imwidth=392"
  },
  {
    "categoria": "Gatos",
    "nombre": "Snack para gatos con salmón Catisfaction bolsa 60 g",
    "precio_unitario": "1,99 €",
    "precio_por_unidad": "(33,17 €/kg)",
    "imagen": "https://www.dia.es/product_images/155538/155538_ISO_0_ES.jpg?imwidth=392"
  },
  {
    "categoria": "Gatos",
    "nombre": "Alimento para gatos adultos sabor pollo Ultima bolsa 1.5 Kg",
    "precio_unitario": "9,95 €",
    "precio_por_unidad": "(6,63 €/kg)",
    "imagen": "https://www.dia.es/product_images/153020/153020_ISO_0_ES.jpg?imwidth=392"
  },
  {
    "categoria": "Gatos",
    "nombre": "Alimento para gatos junior Purina one bolsa 450 g",
    "precio_unitario": "3,19 €",
    "precio_por_unidad": "(7,09 €/kg)",
    "imagen": "https://www.dia.es/product_images/152244/152244_ISO_0_ES.jpg?imwidth=392"
  },
  {
    "categoria": "Gatos",
    "nombre": "Alimento para gatos sabor salmón, atún y verduras Brekkies bolsa 1.5 Kg",
    "precio_unitario": "4,95 €",
    "precio_por_unidad": "(3,30 €/kg)",
    "imagen": "https://www.dia.es/product_images/151720/151720_ISO_0_ES.jpg?imwidth=392"
  },
  {
    "categoria": "Gatos",
    "nombre": "Mousse para gatos mix Gourmet lata 8 x 85 g",
    "precio_unitario": "6,79 €",
    "precio_por_unidad": "(9,99 €/kg)",
    "imagen": "https://www.dia.es/product_images/130337/130337_ISO_0_ES.jpg?imwidth=392"
  },
  {
    "categoria": "Gatos",
    "nombre": "Finas láminas surtidas en salsa para gatos Gourmet bolsa 4 x 85 g",
    "precio_unitario": "3,79 €",
    "precio_por_unidad": "(11,15 €/kg)",
    "imagen": "https://www.dia.es/product_images/115081/115081_ISO_0_ES.jpg?imwidth=392"
  },
  {
    "categoria": "Gatos",
    "nombre": "Alimento para gatos esterilizados rico en buey Purina one bolsa 800 g",
    "precio_unitario": "5,79 €",
    "precio_por_unidad": "(7,24 €/kg)",
    "imagen": "https://www.dia.es/product_images/114374/114374_ISO_0_ES.jpg?imwidth=392"
  },
  {
    "categoria": "Otros animales",
    "nombre": "Barritas con fruta para periquitos Biazoo bolsa 60 g",
    "precio_unitario": "1,39 €",
    "precio_por_unidad": "(23,17 €/kg)",
    "imagen": "https://www.dia.es/product_images/288261/288261_ISO_0_ES.jpg?imwidth=392"
  },
  {
    "categoria": "Alubias",
    "nombre": "Alubias blancas Vegecampo de Dia bolsa 1 Kg",
    "precio_unitario": "2,04 €",
    "precio_por_unidad": "(2,04 €/kg)",
    "imagen": "https://www.dia.es/product_images/154/154_ISO_0_ES.jpg?imwidth=392"
  },
  {
    "categoria": "Alubias",
    "nombre": "Alubias pintas Vegecampo de Dia bolsa 1 Kg",
    "precio_unitario": "2,45 €",
    "precio_por_unidad": "(2,45 €/kg)",
    "imagen": "https://www.dia.es/product_images/156/156_ISO_0_ES.jpg?imwidth=392"
  },
  {
    "categoria": "Alubias",
    "nombre": "Alubia negra Vegecampo de Dia bolsa 500 g",
    "precio_unitario": "1,23 €",
    "precio_por_unidad": "(2,46 €/kg)",
    "imagen": "https://www.dia.es/product_images/61318/61318_ISO_0_ES.jpg?imwidth=392"
  },
  {
    "categoria": "Alubias",
    "nombre": "Alubias blancas extra Vegecampo de Dia frasco 400 g",
    "precio_unitario": "0,67 €",
    "precio_por_unidad": "(1,68 €/kg)",
    "imagen": "https://www.dia.es/product_images/1233/1233_ISO_0_ES.jpg?imwidth=392"
  },
  {
    "categoria": "Alubias",
    "nombre": "Alubias rojas cocidas Vegecampo de Dia frasco 400 g",
    "precio_unitario": "1,10 €",
    "precio_por_unidad": "(2,75 €/kg)",
    "imagen": "https://www.dia.es/product_images/210523/210523_ISO_0_ES.jpg?imwidth=392"
  },
  {
    "categoria": "Alubias",
    "nombre": "Alubias pintas cocidas Vegecampo de Dia frasco 400 g",
    "precio_unitario": "1,15 €",
    "precio_por_unidad": "(2,88 €/kg)",
    "imagen": "https://www.dia.es/product_images/254987/254987_ISO_0_ES.jpg?imwidth=392"
  },
  {
    "categoria": "Alubias",
    "nombre": "Judión cocido extra Vegecampo de Dia frasco 400 g",
    "precio_unitario": "1,65 €",
    "precio_por_unidad": "(4,13 €/kg)",
    "imagen": "https://www.dia.es/product_images/135263/135263_ISO_0_ES.jpg?imwidth=392"
  },
  {
    "categoria": "Alubias",
    "nombre": "Alubias blancas extra Vegecampo de Dia frasco 210 g",
    "precio_unitario": "0,62 €",
    "precio_por_unidad": "(2,95 €/kg)",
    "imagen": "https://www.dia.es/product_images/283985/283985_ISO_0_ES.jpg?imwidth=392"
  },
  {
    "categoria": "Alubias",
    "nombre": "Alubias blancas con verduras Vegecampo de Dia frasco 400 g",
    "precio_unitario": "1,19 €",
    "precio_por_unidad": "(2,98 €/kg)",
    "imagen": "https://www.dia.es/product_images/50647/50647_ISO_0_ES.jpg?imwidth=392"
  },
  {
    "categoria": "Alubias",
    "nombre": "Alubia cocida Luengo frasco 400 g",
    "precio_unitario": "1,34 €",
    "precio_por_unidad": "(3,35 €/kg)",
    "imagen": "https://www.dia.es/product_images/119810/119810_ISO_0_ES.jpg?imwidth=392"
  },
  {
    "categoria": "Alubias",
    "nombre": "Alubias blancas bajo contenido en sal Vegecampo de Dia frasco 400 g",
    "precio_unitario": "0,95 €",
    "precio_por_unidad": "(2,38 €/kg)",
    "imagen": "https://www.dia.es/product_images/283986/283986_ISO_0_ES.jpg?imwidth=392"
  },
  {
    "categoria": "Alubias",
    "nombre": "Alubias blancas Luengo bolsa 1 Kg",
    "precio_unitario": "3,83 €",
    "precio_por_unidad": "(3,83 €/kg)",
    "imagen": "https://www.dia.es/product_images/102510/102510_ISO_0_ES.jpg?imwidth=392"
  },
  {
    "categoria": "Alubias",
    "nombre": "Alubias blancas cocidas Legumbres La Asturiana frasco 400 g",
    "precio_unitario": "1,70 €",
    "precio_por_unidad": "(4,25 €/kg)",
    "imagen": "https://www.dia.es/product_images/53235/53235_ISO_0_ES.jpg?imwidth=392"
  },
  {
    "categoria": "Alubias",
    "nombre": "Alubia cocido sin sal Legumbres La Asturiana frasco 400 g",
    "precio_unitario": "1,75 €",
    "precio_por_unidad": "(4,38 €/kg)",
    "imagen": "https://www.dia.es/product_images/165207/165207_ISO_0_ES.jpg?imwidth=392"
  },
  {
    "categoria": "Alubias",
    "nombre": "Alubia de la bañeza cocida Luengo frasco 400 g",
    "precio_unitario": "1,45 €",
    "precio_por_unidad": "(3,63 €/kg)",
    "imagen": "https://www.dia.es/product_images/282305/282305_ISO_0_ES.jpg?imwidth=392"
  },
  {
    "categoria": "Alubias",
    "nombre": "Judión cocido Legumbres La Asturiana frasco 400 g",
    "precio_unitario": "2,55 €",
    "precio_por_unidad": "(6,38 €/kg)",
    "imagen": "https://www.dia.es/product_images/61787/61787_ISO_0_ES.jpg?imwidth=392"
  },
  {
    "categoria": "Alubias",
    "nombre": "Alubias pintas cocidas Legumbres La Asturiana frasco 400 g",
    "precio_unitario": "1,75 €",
    "precio_por_unidad": "(4,38 €/kg)",
    "imagen": "https://www.dia.es/product_images/120828/120828_ISO_0_ES.jpg?imwidth=392"
  },
  {
    "categoria": "Atún, bonito y caballa",
    "nombre": "Atún en aceite de girasol Mari Marinera de Dia lata 6 x 52 g",
    "precio_unitario": "3,75 €",
    "precio_por_unidad": "(12,02 €/kg)",
    "imagen": "https://www.dia.es/product_images/262430/262430_ISO_0_ES.jpg?imwidth=392"
  },
  {
    "categoria": "Atún, bonito y caballa",
    "nombre": "Atún claro al natural Mari Marinera de Dia lata 6 x 60 g",
    "precio_unitario": "4,20 €",
    "precio_por_unidad": "(11,67 €/kg)",
    "imagen": "https://www.dia.es/product_images/262439/262439_ISO_0_ES.jpg?imwidth=392"
  },
  {
    "categoria": "Atún, bonito y caballa",
    "nombre": "Atún claro en aceite de oliva Mari Marinera de Dia lata 6 x 60 g",
    "precio_unitario": "5,15 €",
    "precio_por_unidad": "(14,31 €/kg)",
    "imagen": "https://www.dia.es/product_images/262432/262432_ISO_0_ES.jpg?imwidth=392"
  },
  {
    "categoria": "Atún, bonito y caballa",
    "nombre": "Trozos de atún en aceite de girasol Ribeira lata 3 x 52 g",
    "precio_unitario": "1,79 €",
    "precio_por_unidad": "(11,47 €/kg)",
    "imagen": "https://www.dia.es/product_images/296869/296869_ISO_0_ES.jpg?imwidth=392"
  },
  {
    "categoria": "Atún, bonito y caballa",
    "nombre": "Atún en aceite de girasol Mari Marinera de Dia lata 650 g",
    "precio_unitario": "6,45 €",
    "precio_por_unidad": "(9,92 €/kg)",
    "imagen": "https://www.dia.es/product_images/138259/138259_ISO_0_ES.jpg?imwidth=392"
  },
  {
    "categoria": "Atún, bonito y caballa",
    "nombre": "Filetes de caballa del sur en aceite de oliva Mari Marinera de Dia lata 85 g",
    "precio_unitario": "1,69 €",
    "precio_por_unidad": "(19,88 €/kg)",
    "imagen": "https://www.dia.es/product_images/284386/284386_ISO_0_ES.jpg?imwidth=392"
  },
  {
    "categoria": "Atún, bonito y caballa",
    "nombre": "Atún en aceite de oliva Mari Marinera de Dia lata 3 x 52 g",
    "precio_unitario": "2,45 €",
    "precio_por_unidad": "(15,71 €/kg)",
    "imagen": "https://www.dia.es/product_images/288045/288045_ISO_0_ES.jpg?imwidth=392"
  },
  {
    "categoria": "Atún, bonito y caballa",
    "nombre": "Atún claro en aceite de oliva Calvo lata 3 x 52 g",
    "precio_unitario": "4,45 €",
    "precio_por_unidad": "(28,53 €/kg)",
    "imagen": "https://www.dia.es/product_images/61500/61500_ISO_0_ES.jpg?imwidth=392"
  },
  {
    "categoria": "Atún, bonito y caballa",
    "nombre": "Atún claro en aceite de girasol Mari Marinera de Dia lata 6 x 56 g",
    "precio_unitario": "4,35 €",
    "precio_por_unidad": "(12,95 €/kg)",
    "imagen": "https://www.dia.es/product_images/262437/262437_ISO_0_ES.jpg?imwidth=392"
  },
  {
    "categoria": "Atún, bonito y caballa",
    "nombre": "Atún claro al natural Calvo lata 6 x 56 g",
    "precio_unitario": "6,69 €",
    "precio_por_unidad": "(19,91 €/kg)",
    "imagen": "https://www.dia.es/product_images/289199/289199_ISO_0_ES.jpg?imwidth=392"
  },
  {
    "categoria": "Atún, bonito y caballa",
    "nombre": "Filetes de caballa del sur en aceite de girasol Ubago lata 65 g",
    "precio_unitario": "1,55 €",
    "precio_por_unidad": "(23,85 €/kg)",
    "imagen": "https://www.dia.es/product_images/6721/6721_ISO_0_ES.jpg?imwidth=392"
  },
  {
    "categoria": "Atún, bonito y caballa",
    "nombre": "Bonito del norte en aceite de oliva Mari Marinera de Dia lata 73 g",
    "precio_unitario": "1,99 €",
    "precio_por_unidad": "(27,26 €/kg)",
    "imagen": "https://www.dia.es/product_images/29395/29395_ISO_0_ES.jpg?imwidth=392"
  },
  {
    "categoria": "Atún, bonito y caballa",
    "nombre": "Atún en tomate Mari Marinera de Dia lata 3 x 52 g",
    "precio_unitario": "2,10 €",
    "precio_por_unidad": "(13,46 €/kg)",
    "imagen": "https://www.dia.es/product_images/119959/119959_ISO_0_ES.jpg?imwidth=392"
  },
  {
    "categoria": "Atún, bonito y caballa",
    "nombre": "Filetes de caballa del sur en aceite de girasol Mari Marinera de Dia lata 85 g",
    "precio_unitario": "1,39 €",
    "precio_por_unidad": "(16,35 €/kg)",
    "imagen": "https://www.dia.es/product_images/284387/284387_ISO_0_ES.jpg?imwidth=392"
  },
  {
    "categoria": "Atún, bonito y caballa",
    "nombre": "Atún en aceite de oliva Ribeira lata 650 g",
    "precio_unitario": "8,80 €",
    "precio_por_unidad": "(13,54 €/kg)",
    "imagen": "https://www.dia.es/product_images/297835/297835_ISO_0_ES.jpg?imwidth=392"
  },
  {
    "categoria": "Atún, bonito y caballa",
    "nombre": "Atún en aceite de girasol Mari Marinera de Dia lata 3 x 52 g",
    "precio_unitario": "2,10 €",
    "precio_por_unidad": "(13,46 €/kg)",
    "imagen": "https://www.dia.es/product_images/262429/262429_ISO_0_ES.jpg?imwidth=392"
  },
  {
    "categoria": "Atún, bonito y caballa",
    "nombre": "Atún claro en aceite de oliva Mari Marinera de Dia lata 3 x 60 g",
    "precio_unitario": "2,99 €",
    "precio_por_unidad": "(16,61 €/kg)",
    "imagen": "https://www.dia.es/product_images/262434/262434_ISO_0_ES.jpg?imwidth=392"
  },
  {
    "categoria": "Atún, bonito y caballa",
    "nombre": "Atún claro en escabeche Mari Marinera de Dia lata 6 x 60 g",
    "precio_unitario": "4,70 €",
    "precio_por_unidad": "(13,06 €/kg)",
    "imagen": "https://www.dia.es/product_images/262440/262440_ISO_0_ES.jpg?imwidth=392"
  },
  {
    "categoria": "Atún, bonito y caballa",
    "nombre": "Ventresca de atún claro en aceite de oliva Mari Marinera de Dia lata 78 g",
    "precio_unitario": "3,30 €",
    "precio_por_unidad": "(42,31 €/kg)",
    "imagen": "https://www.dia.es/product_images/50171/50171_ISO_0_ES.jpg?imwidth=392"
  },
  {
    "categoria": "Atún, bonito y caballa",
    "nombre": "Bonito del Norte en aceite de girasol alto oleico Realmar frasco 228 g",
    "precio_unitario": "5,95 €",
    "precio_por_unidad": "(26,10 €/kg)",
    "imagen": "https://www.dia.es/product_images/301815/301815_ISO_0_ES.jpg?imwidth=392"
  },
  {
    "categoria": "Atún, bonito y caballa",
    "nombre": "Atún en aceite de girasol Isabel lata 6 x 52 g",
    "precio_unitario": "5,95 €",
    "precio_por_unidad": "(19,07 €/kg)",
    "imagen": "https://www.dia.es/product_images/78710/78710_ISO_0_ES.jpg?imwidth=392"
  },
  {
    "categoria": "Atún, bonito y caballa",
    "nombre": "Atún con tomate Isabel lata 3 x 52 g",
    "precio_unitario": "3,19 €",
    "precio_por_unidad": "(20,45 €/kg)",
    "imagen": "https://www.dia.es/product_images/57862/57862_ISO_0_ES.jpg?imwidth=392"
  },
  {
    "categoria": "Atún, bonito y caballa",
    "nombre": "Atún claro en aceite de oliva bajo en sal Calvo lata 3 x 52 g",
    "precio_unitario": "4,45 €",
    "precio_por_unidad": "(28,53 €/kg)",
    "imagen": "https://www.dia.es/product_images/39255/39255_ISO_0_ES.jpg?imwidth=392"
  },
  {
    "categoria": "Atún, bonito y caballa",
    "nombre": "Atún claro en aceite de girasol Calvo lata 3 x 52 g",
    "precio_unitario": "3,49 €",
    "precio_por_unidad": "(22,37 €/kg)",
    "imagen": "https://www.dia.es/product_images/371/371_ISO_0_ES.jpg?imwidth=392"
  },
  {
    "categoria": "Atún, bonito y caballa",
    "nombre": "Bonito en aceite de girasol alto oleico Consorcio lata 80 g",
    "precio_unitario": "2,95 €",
    "precio_por_unidad": "(36,88 €/kg)",
    "imagen": "https://www.dia.es/product_images/302603/302603_ISO_0_ES.jpg?imwidth=392"
  },
  {
    "categoria": "Atún, bonito y caballa",
    "nombre": "Atún claro en aceite de girasol Calvo lata 2 x 52 g",
    "precio_unitario": "1,50 €",
    "precio_por_unidad": "(14,42 €/kg)",
    "imagen": "https://www.dia.es/product_images/301325/301325_ISO_0_ES.jpg?imwidth=392"
  },
  {
    "categoria": "Atún, bonito y caballa",
    "nombre": "Atún claro en aceite de girasol Albo lata 67 g",
    "precio_unitario": "1,95 €",
    "precio_por_unidad": "(29,10 €/kg)",
    "imagen": "https://www.dia.es/product_images/300955/300955_ISO_0_ES.jpg?imwidth=392"
  },
  {
    "categoria": "Atún, bonito y caballa",
    "nombre": "Atún en aceite de girasol Isabel lata 260 g",
    "precio_unitario": "5,95 €",
    "precio_por_unidad": "(22,88 €/kg)",
    "imagen": "https://www.dia.es/product_images/29906/29906_ISO_0_ES.jpg?imwidth=392"
  },
  {
    "categoria": "Atún, bonito y caballa",
    "nombre": "Atún vegano Gourmet Cazorla lata 2 x 80 g",
    "precio_unitario": "3,59 €",
    "precio_por_unidad": "(22,44 €/kg)",
    "imagen": "https://www.dia.es/product_images/297773/297773_ISO_0_ES.jpg?imwidth=392"
  },
  {
    "categoria": "Atún, bonito y caballa",
    "nombre": "Trozos de bonito del Norte MSC Mari Marinera de Dia lata 3 x 52 g",
    "precio_unitario": "2,95 €",
    "precio_por_unidad": "(18,91 €/kg)",
    "imagen": "https://www.dia.es/product_images/296414/296414_ISO_0_ES.jpg?imwidth=392"
  },
  {
    "categoria": "Atún, bonito y caballa",
    "nombre": "Atún claro en aceite de girasol Albo lata 3 x 48 g",
    "precio_unitario": "3,49 €",
    "precio_por_unidad": "(24,24 €/kg)",
    "imagen": "https://www.dia.es/product_images/295390/295390_ISO_0_ES.jpg?imwidth=392"
  },
  {
    "categoria": "Atún, bonito y caballa",
    "nombre": "Atún claro en aceite de oliva MSC Frinsa lata 82 g",
    "precio_unitario": "2,59 €",
    "precio_por_unidad": "(31,59 €/kg)",
    "imagen": "https://www.dia.es/product_images/289594/289594_ISO_0_ES.jpg?imwidth=392"
  },
  {
    "categoria": "Atún, bonito y caballa",
    "nombre": "Atún claro en aceite de oliva Calvo lata 6 x 52 g",
    "precio_unitario": "7,85 €",
    "precio_por_unidad": "(25,16 €/kg)",
    "imagen": "https://www.dia.es/product_images/282560/282560_ISO_0_ES.jpg?imwidth=392"
  },
  {
    "categoria": "Atún, bonito y caballa",
    "nombre": "Atún claro en aceite de girasol Mari Marinera de Dia lata 3 x 56 g",
    "precio_unitario": "2,47 €",
    "precio_por_unidad": "(14,70 €/kg)",
    "imagen": "https://www.dia.es/product_images/262436/262436_ISO_0_ES.jpg?imwidth=392"
  },
  {
    "categoria": "Atún, bonito y caballa",
    "nombre": "Atún claro en aceite de oliva bajo en sal Mari Marinera de Dia lata 3 x 60 g",
    "precio_unitario": "3,00 €",
    "precio_por_unidad": "(16,67 €/kg)",
    "imagen": "https://www.dia.es/product_images/262435/262435_ISO_0_ES.jpg?imwidth=392"
  },
  {
    "categoria": "Atún, bonito y caballa",
    "nombre": "Atún claro en aceite de oliva virgen extra Mari Marinera de Dia lata 3 x 52 g",
    "precio_unitario": "3,19 €",
    "precio_por_unidad": "(20,45 €/kg)",
    "imagen": "https://www.dia.es/product_images/262428/262428_ISO_0_ES.jpg?imwidth=392"
  },
  {
    "categoria": "Atún, bonito y caballa",
    "nombre": "Bonito del norte en aceite de oliva MSC Campos lata 60 g",
    "precio_unitario": "1,90 €",
    "precio_por_unidad": "(31,67 €/kg)",
    "imagen": "https://www.dia.es/product_images/258007/258007_ISO_0_ES.jpg?imwidth=392"
  },
  {
    "categoria": "Atún, bonito y caballa",
    "nombre": "Filetes de caballa en aceite de oliva bajo en sal Calvo lata 82 g",
    "precio_unitario": "2,39 €",
    "precio_por_unidad": "(29,15 €/kg)",
    "imagen": "https://www.dia.es/product_images/253749/253749_ISO_0_ES.jpg?imwidth=392"
  },
  {
    "categoria": "Atún, bonito y caballa",
    "nombre": "Atún claro en aceite de oliva ligero Calvo lata 3 x 56 g",
    "precio_unitario": "4,45 €",
    "precio_por_unidad": "(26,49 €/kg)",
    "imagen": "https://www.dia.es/product_images/224663/224663_ISO_0_ES.jpg?imwidth=392"
  },
  {
    "categoria": "Atún, bonito y caballa",
    "nombre": "Atún claro en aceite de oliva Albo lata 67 g",
    "precio_unitario": "2,39 €",
    "precio_por_unidad": "(35,67 €/kg)",
    "imagen": "https://www.dia.es/product_images/189186/189186_ISO_0_ES.jpg?imwidth=392"
  },
  {
    "categoria": "Atún, bonito y caballa",
    "nombre": "Bonito del norte en aceite de oliva Albo lata 67 g",
    "precio_unitario": "2,89 €",
    "precio_por_unidad": "(43,13 €/kg)",
    "imagen": "https://www.dia.es/product_images/188440/188440_ISO_0_ES.jpg?imwidth=392"
  },
  {
    "categoria": "Atún, bonito y caballa",
    "nombre": "Atún claro en aceite de girasol Campos lata 104 g",
    "precio_unitario": "2,20 €",
    "precio_por_unidad": "(21,15 €/kg)",
    "imagen": "https://www.dia.es/product_images/186623/186623_ISO_0_ES.jpg?imwidth=392"
  },
  {
    "categoria": "Atún, bonito y caballa",
    "nombre": "Atún en aceite de oliva Calvo lata 3 x 52 g",
    "precio_unitario": "4,10 €",
    "precio_por_unidad": "(26,28 €/kg)",
    "imagen": "https://www.dia.es/product_images/184524/184524_ISO_0_ES.jpg?imwidth=392"
  },
  {
    "categoria": "Atún, bonito y caballa",
    "nombre": "Atún claro en aceite de oliva Albo pack 3 x 48 g",
    "precio_unitario": "4,85 €",
    "precio_por_unidad": "(33,68 €/kg)",
    "imagen": "https://www.dia.es/product_images/121436/121436_ISO_0_ES.jpg?imwidth=392"
  },
  {
    "categoria": "Atún, bonito y caballa",
    "nombre": "Atún en aceite girasol Isabel lata 3 x 52 g",
    "precio_unitario": "3,29 €",
    "precio_por_unidad": "(21,09 €/kg)",
    "imagen": "https://www.dia.es/product_images/116670/116670_ISO_0_ES.jpg?imwidth=392"
  },
  {
    "categoria": "Berberechos",
    "nombre": "Berberechos al natural Dani lata 63 g",
    "precio_unitario": "3,29 €",
    "precio_por_unidad": "(52,22 €/kg)",
    "imagen": "https://www.dia.es/product_images/41798/41798_ISO_0_ES.jpg?imwidth=392"
  },
  {
    "categoria": "Berberechos",
    "nombre": "Berberechos al natural 60/90 piezas Mari Marinera de Dia lata 63 g",
    "precio_unitario": "2,89 €",
    "precio_por_unidad": "(45,87 €/kg)",
    "imagen": "https://www.dia.es/product_images/110474/110474_ISO_0_ES.jpg?imwidth=392"
  },
  {
    "categoria": "Berberechos",
    "nombre": "Berberechos al natural 55/65 piezas Dani lata 63 g",
    "precio_unitario": "4,59 €",
    "precio_por_unidad": "(72,86 €/kg)",
    "imagen": "https://www.dia.es/product_images/28748/28748_ISO_0_ES.jpg?imwidth=392"
  },
  {
    "categoria": "Berberechos",
    "nombre": "Berberechos al natural Baymar lata 90 g",
    "precio_unitario": "3,89 €",
    "precio_por_unidad": "(43,22 €/kg)",
    "imagen": "https://www.dia.es/product_images/136784/136784_ISO_0_ES.jpg?imwidth=392"
  },
  {
    "categoria": "Berberechos",
    "nombre": "Berberechos al natural Dani lata 90 g",
    "precio_unitario": "3,89 €",
    "precio_por_unidad": "(43,22 €/kg)",
    "imagen": "https://www.dia.es/product_images/53543/53543_ISO_0_ES.jpg?imwidth=392"
  },
  {
    "categoria": "Calabacín, calabaza y berenjena",
    "nombre": "Calabacín unidad aprox. 475 g",
    "precio_unitario": "1,09 €",
    "precio_por_unidad": "(2,29 €/kg)",
    "imagen": "https://www.dia.es/product_images/93/93_ISO_0_ES.jpg?imwidth=392"
  },
  {
    "categoria": "Calabacín, calabaza y berenjena",
    "nombre": "Berenjena granel 800 g aprox.",
    "precio_unitario": "1,59 €",
    "precio_por_unidad": "(1,99 €/kg)",
    "imagen": "https://www.dia.es/product_images/42071/42071_ISO_0_ES.jpg?imwidth=392"
  },
  {
    "categoria": "Calabacín, calabaza y berenjena",
    "nombre": "Calabaza a dados bolsa 500 g",
    "precio_unitario": "1,99 €",
    "precio_por_unidad": "(3,98 €/kg)",
    "imagen": "https://www.dia.es/product_images/278899/278899_ISO_0_ES.jpg?imwidth=392"
  },
  {
    "categoria": "Calabacín, calabaza y berenjena",
    "nombre": "Calabaza unidad aprox. 1.6 Kg",
    "precio_unitario": "3,18 €",
    "precio_por_unidad": "(1,99 €/kg)",
    "imagen": "https://www.dia.es/product_images/75926/75926_ISO_0_ES.jpg?imwidth=392"
  },
  {
    "categoria": "Cervezas con limón",
    "nombre": "Cerveza radler con zumo de limón Ramblers de Dia lata 33 cl",
    "precio_unitario": "0,40 €",
    "precio_por_unidad": "(1,21 €/L)",
    "imagen": "https://www.dia.es/product_images/207565/207565_ISO_0_ES.jpg?imwidth=392"
  },
  {
    "categoria": "Cervezas con limón",
    "nombre": "Cerveza sabor limón shandy sin alcohol Ramblers de Dia lata 33 cl",
    "precio_unitario": "0,33 €",
    "precio_por_unidad": "(1,00 €/L)",
    "imagen": "https://www.dia.es/product_images/81852/81852_ISO_0_ES.jpg?imwidth=392"
  },
  {
    "categoria": "Cervezas con limón",
    "nombre": "Cerveza radler con limón Amstel lata 12 x 33 cl",
    "precio_unitario": "8,99 €",
    "precio_por_unidad": "(2,27 €/L)",
    "imagen": "https://www.dia.es/product_images/224710/224710_ISO_0_ES.jpg?imwidth=392"
  },
  {
    "categoria": "Cervezas con limón",
    "nombre": "Cerveza radler con limón 0,0% alcohol San Miguel lata 33 cl",
    "precio_unitario": "0,70 €",
    "precio_por_unidad": "(2,12 €/L)",
    "imagen": "https://www.dia.es/product_images/125715/125715_ISO_0_ES.jpg?imwidth=392"
  },
  {
    "categoria": "Cervezas con limón",
    "nombre": "Cerveza con limón Shandy botella 6 x 25 cl",
    "precio_unitario": "3,19 €",
    "precio_por_unidad": "(2,13 €/L)",
    "imagen": "https://www.dia.es/product_images/54616/54616_ISO_0_ES.jpg?imwidth=392"
  },
  {
    "categoria": "Cervezas con limón",
    "nombre": "Cerveza radler con zumo de limón Ramblers de Dia pack 12 x 33 cl",
    "precio_unitario": "4,80 €",
    "precio_por_unidad": "(1,21 €/L)",
    "imagen": "https://www.dia.es/product_images/207565P12/207565P12_ISO_0_ES.jpg?imwidth=392"
  },
  {
    "categoria": "Cervezas con limón",
    "nombre": "Cerveza sabor limón shandy sin alcohol Ramblers de Dia pack 12 x 33 cl",
    "precio_unitario": "3,96 €",
    "precio_por_unidad": "(1,00 €/L)",
    "imagen": "https://www.dia.es/product_images/81852P12/81852P12_ISO_0_ES.jpg?imwidth=392"
  },
  {
    "categoria": "Cervezas con limón",
    "nombre": "Cerveza radler con limón Amstel lata 33 cl",
    "precio_unitario": "0,79 €",
    "precio_por_unidad": "(2,39 €/L)",
    "imagen": "https://www.dia.es/product_images/167088/167088_ISO_0_ES.jpg?imwidth=392"
  },
  {
    "categoria": "Cervezas con limón",
    "nombre": "Cerveza con limón Shandy lata 33 cl",
    "precio_unitario": "0,85 €",
    "precio_por_unidad": "(2,58 €/L)",
    "imagen": "https://www.dia.es/product_images/66511/66511_ISO_0_ES.jpg?imwidth=392"
  },
  {
    "categoria": "Cervezas con limón",
    "nombre": "Cerveza con limón Mahou Mixta pack 8 x 33 cl",
    "precio_unitario": "6,32 €",
    "precio_por_unidad": "(2,39 €/L)",
    "imagen": "https://www.dia.es/product_images/6285P8/6285P8_ISO_0_ES.jpg?imwidth=392"
  },
  {
    "categoria": "Cervezas con limón",
    "nombre": "Cerveza radler con limón San Miguel lata 33 cl",
    "precio_unitario": "0,75 €",
    "precio_por_unidad": "(2,27 €/L)",
    "imagen": "https://www.dia.es/product_images/246930/246930_ISO_0_ES.jpg?imwidth=392"
  },
  {
    "categoria": "Cervezas con limón",
    "nombre": "Cerveza radler con limón 0,0% alcohol Amstel lata 33 cl",
    "precio_unitario": "0,79 €",
    "precio_por_unidad": "(2,39 €/L)",
    "imagen": "https://www.dia.es/product_images/248453/248453_ISO_0_ES.jpg?imwidth=392"
  },
  {
    "categoria": "Cervezas con limón",
    "nombre": "Cerveza radler con limón Mahou 5 Estrellas lata 33 cl",
    "precio_unitario": "0,78 €",
    "precio_por_unidad": "(2,36 €/L)",
    "imagen": "https://www.dia.es/product_images/249193/249193_ISO_0_ES.jpg?imwidth=392"
  },
  {
    "categoria": "Cervezas con limón",
    "nombre": "Cerveza con limón Mahou Mixta botella 6 x 25 cl",
    "precio_unitario": "3,79 €",
    "precio_por_unidad": "(2,53 €/L)",
    "imagen": "https://www.dia.es/product_images/10054/10054_ISO_0_ES.jpg?imwidth=392"
  },
  {
    "categoria": "Cervezas con limón",
    "nombre": "Cerveza radler con limón 0,0% alcohol Amstel lata 12 x 33 cl",
    "precio_unitario": "8,99 €",
    "precio_por_unidad": "(2,27 €/L)",
    "imagen": "https://www.dia.es/product_images/277449/277449_ISO_0_ES.jpg?imwidth=392"
  },
  {
    "categoria": "Cervezas con limón",
    "nombre": "Cerveza con limón Mahou Mixta lata 33 cl",
    "precio_unitario": "0,79 €",
    "precio_por_unidad": "(2,39 €/L)",
    "imagen": "https://www.dia.es/product_images/6285/6285_ISO_0_ES.jpg?imwidth=392"
  },
  {
    "categoria": "Complementos nutricionales",
    "nombre": "Semillas de chía Ecocesta bolsa 160 g",
    "precio_unitario": "2,24 €",
    "precio_por_unidad": "(14,00 €/kg)",
    "imagen": "https://www.dia.es/product_images/284861/284861_ISO_0_ES.jpg?imwidth=392"
  },
  {
    "categoria": "Complementos nutricionales",
    "nombre": "Cabello, uñas y piel Vivisima+ caja 50 unidades",
    "precio_unitario": "3,89 €",
    "precio_por_unidad": "(0,08 €/ud)",
    "imagen": "https://www.dia.es/product_images/145578/145578_ISO_0_ES.jpg?imwidth=392"
  },
  {
    "categoria": "Complementos nutricionales",
    "nombre": "Melatonina Vivisima+ caja 40 unidades",
    "precio_unitario": "3,99 €",
    "precio_por_unidad": "(0,10 €/ud)",
    "imagen": "https://www.dia.es/product_images/168000/168000_ISO_0_ES.jpg?imwidth=392"
  },
  {
    "categoria": "Complementos nutricionales",
    "nombre": "Colágeno hidrolizado y magnesio Vivisima+ lata 250 g",
    "precio_unitario": "4,79 €",
    "precio_por_unidad": "(19,16 €/kg)",
    "imagen": "https://www.dia.es/product_images/271182/271182_ISO_0_ES.jpg?imwidth=392"
  },
  {
    "categoria": "Complementos nutricionales",
    "nombre": "Gominolas de melatonina Vitaldin frasco 35 unidades",
    "precio_unitario": "6,25 €",
    "precio_por_unidad": "(0,18 €/ud)",
    "imagen": "https://www.dia.es/product_images/299305/299305_ISO_0_ES.jpg?imwidth=392"
  },
  {
    "categoria": "Complementos nutricionales",
    "nombre": "Jarabe detoxificante depurativo con alcachofera y zarzaparrilla Natur Tierra caja 250 ml",
    "precio_unitario": "6,85 €",
    "precio_por_unidad": "(27,40 €/L)",
    "imagen": "https://www.dia.es/product_images/183256/183256_ISO_0_ES.jpg?imwidth=392"
  },
  {
    "categoria": "Complementos nutricionales",
    "nombre": "Colágeno Vivisima+ caja 50 unidades",
    "precio_unitario": "3,99 €",
    "precio_por_unidad": "(0,08 €/ud)",
    "imagen": "https://www.dia.es/product_images/148155/148155_ISO_0_ES.jpg?imwidth=392"
  },
  {
    "categoria": "Complementos nutricionales",
    "nombre": "Carnitina + magnesio Vivisima+ caja 40 unidades",
    "precio_unitario": "3,59 €",
    "precio_por_unidad": "(0,09 €/ud)",
    "imagen": "https://www.dia.es/product_images/219664/219664_ISO_0_ES.jpg?imwidth=392"
  },
  {
    "categoria": "Complementos nutricionales",
    "nombre": "Semillas de lino dorado Ecocesta bolsa 160 g",
    "precio_unitario": "2,24 €",
    "precio_por_unidad": "(14,00 €/kg)",
    "imagen": "https://www.dia.es/product_images/284860/284860_ISO_0_ES.jpg?imwidth=392"
  },
  {
    "categoria": "Complementos nutricionales",
    "nombre": "Barrita de proteínas de coco y chocolate Just loading bolsa 27 g",
    "precio_unitario": "1,00 €",
    "precio_por_unidad": "(37,04 €/kg)",
    "imagen": "https://www.dia.es/product_images/296122/296122_ISO_0_ES.jpg?imwidth=392"
  },
  {
    "categoria": "Complementos nutricionales",
    "nombre": "Valeriana Vivisima+ caja 50 unidades",
    "precio_unitario": "3,95 €",
    "precio_por_unidad": "(0,08 €/ud)",
    "imagen": "https://www.dia.es/product_images/141200/141200_ISO_0_ES.jpg?imwidth=392"
  },
  {
    "categoria": "Complementos nutricionales",
    "nombre": "Gominolas energy Vitaldin frasco 36 unidades",
    "precio_unitario": "6,25 €",
    "precio_por_unidad": "(0,17 €/ud)",
    "imagen": "https://www.dia.es/product_images/303157/303157_ISO_0_ES.jpg?imwidth=392"
  },
  {
    "categoria": "Complementos nutricionales",
    "nombre": "Própolis y jalea real + equinácea Vive+ caja 12 unidades",
    "precio_unitario": "5,95 €",
    "precio_por_unidad": "(0,50 €/ud)",
    "imagen": "https://www.dia.es/product_images/189101/189101_ISO_0_ES.jpg?imwidth=392"
  },
  {
    "categoria": "Complementos nutricionales",
    "nombre": "Cartílago de tiburón Vivisima+ caja 40 unidades",
    "precio_unitario": "4,39 €",
    "precio_por_unidad": "(0,11 €/ud)",
    "imagen": "https://www.dia.es/product_images/184834/184834_ISO_0_ES.jpg?imwidth=392"
  },
  {
    "categoria": "Complementos nutricionales",
    "nombre": "Alcachofa con boldo Vivisima+ caja 50 unidades",
    "precio_unitario": "3,69 €",
    "precio_por_unidad": "(0,07 €/ud)",
    "imagen": "https://www.dia.es/product_images/219661/219661_ISO_0_ES.jpg?imwidth=392"
  },
  {
    "categoria": "Complementos nutricionales",
    "nombre": "Batido proteico de chocolate Just loading botella 225 ml",
    "precio_unitario": "1,59 €",
    "precio_por_unidad": "(7,07 €/L)",
    "imagen": "https://www.dia.es/product_images/287450/287450_ISO_0_ES.jpg?imwidth=392"
  },
  {
    "categoria": "Complementos nutricionales",
    "nombre": "Cola de caballo Vivisima+ caja 50 unidades",
    "precio_unitario": "3,95 €",
    "precio_por_unidad": "(0,08 €/ud)",
    "imagen": "https://www.dia.es/product_images/141203/141203_ISO_0_ES.jpg?imwidth=392"
  },
  {
    "categoria": "Complementos nutricionales",
    "nombre": "Café verde con zinc y colina Vivisima+ caja 40 unidades",
    "precio_unitario": "3,59 €",
    "precio_por_unidad": "(0,09 €/ud)",
    "imagen": "https://www.dia.es/product_images/219665/219665_ISO_0_ES.jpg?imwidth=392"
  },
  {
    "categoria": "Complementos nutricionales",
    "nombre": "Levadura de cerveza Vivisima+ caja 50 unidades",
    "precio_unitario": "3,89 €",
    "precio_por_unidad": "(0,08 €/ud)",
    "imagen": "https://www.dia.es/product_images/140840/140840_ISO_0_ES.jpg?imwidth=392"
  },
  {
    "categoria": "Complementos nutricionales",
    "nombre": "Jalea real Vivisima+ caja 12 unidades",
    "precio_unitario": "4,79 €",
    "precio_por_unidad": "(0,40 €/ud)",
    "imagen": "https://www.dia.es/product_images/146093/146093_ISO_0_ES.jpg?imwidth=392"
  },
  {
    "categoria": "Complementos nutricionales",
    "nombre": "Semillas molidas de lino con coco y almendra Ecocesta bolsa 200 g",
    "precio_unitario": "4,75 €",
    "precio_por_unidad": "(23,75 €/kg)",
    "imagen": "https://www.dia.es/product_images/304100/304100_ISO_0_ES.jpg?imwidth=392"
  },
  {
    "categoria": "Complementos nutricionales",
    "nombre": "Batido proteico sabor cookie cream Just loading botella 225 ml",
    "precio_unitario": "1,59 €",
    "precio_por_unidad": "(7,07 €/L)",
    "imagen": "https://www.dia.es/product_images/303966/303966_ISO_0_ES.jpg?imwidth=392"
  },
  {
    "categoria": "Complementos nutricionales",
    "nombre": "Barrita de proteínas sabor chocolate Just loading bolsa 20 g",
    "precio_unitario": "1,00 €",
    "precio_por_unidad": "(50,00 €/kg)",
    "imagen": "https://www.dia.es/product_images/300664/300664_ISO_0_ES.jpg?imwidth=392"
  },
  {
    "categoria": "Complementos nutricionales",
    "nombre": "Semillas de sésamo tostado Ecocesta bolsa 250 g",
    "precio_unitario": "2,99 €",
    "precio_por_unidad": "(11,96 €/kg)",
    "imagen": "https://www.dia.es/product_images/284859/284859_ISO_0_ES.jpg?imwidth=392"
  },
  {
    "categoria": "Complementos nutricionales",
    "nombre": "Zumo de frutas con vitamina d Hohes c botella 1 l",
    "precio_unitario": "2,89 €",
    "precio_por_unidad": "(2,89 €/L)",
    "imagen": "https://www.dia.es/product_images/284035/284035_ISO_0_ES.jpg?imwidth=392"
  },
  {
    "categoria": "Complementos nutricionales",
    "nombre": "Zumo de frutas con hierro Hohes c botella 1 l",
    "precio_unitario": "2,89 €",
    "precio_por_unidad": "(2,89 €/L)",
    "imagen": "https://www.dia.es/product_images/283982/283982_ISO_0_ES.jpg?imwidth=392"
  },
  {
    "categoria": "Complementos nutricionales",
    "nombre": "Bebida isotónica sport de limón Isostar bote 400 g",
    "precio_unitario": "11,99 €",
    "precio_por_unidad": "(29,98 €/kg)",
    "imagen": "https://www.dia.es/product_images/230581/230581_ISO_0_ES.jpg?imwidth=392"
  },
  {
    "categoria": "Complementos nutricionales",
    "nombre": "Colesterol Natur Tierra bote 30 unidades",
    "precio_unitario": "5,85 €",
    "precio_por_unidad": "(0,20 €/ud)",
    "imagen": "https://www.dia.es/product_images/224086/224086_ISO_0_ES.jpg?imwidth=392"
  },
  {
    "categoria": "Complementos nutricionales",
    "nombre": "Batido sustitutivo de chocolate Bicentury caja 5 unidades",
    "precio_unitario": "7,29 €",
    "precio_por_unidad": "(1,46 €/ud)",
    "imagen": "https://www.dia.es/product_images/203121/203121_ISO_0_ES.jpg?imwidth=392"
  },
  {
    "categoria": "Complementos nutricionales",
    "nombre": "Jalea real con própolis para niños Vive+ caja 12 unidades",
    "precio_unitario": "5,95 €",
    "precio_por_unidad": "(0,50 €/ud)",
    "imagen": "https://www.dia.es/product_images/190181/190181_ISO_0_ES.jpg?imwidth=392"
  },
  {
    "categoria": "Complementos nutricionales",
    "nombre": "Garcinia cambogia Vivisima+ caja 40 unidades",
    "precio_unitario": "4,10 €",
    "precio_por_unidad": "(0,10 €/ud)",
    "imagen": "https://www.dia.es/product_images/184833/184833_ISO_0_ES.jpg?imwidth=392"
  },
  {
    "categoria": "Complementos nutricionales",
    "nombre": "Arándano rojo americano antioxidante Natur Tierra bote 30 unidades",
    "precio_unitario": "5,75 €",
    "precio_por_unidad": "(0,19 €/ud)",
    "imagen": "https://www.dia.es/product_images/183257/183257_ISO_0_ES.jpg?imwidth=392"
  },
  {
    "categoria": "Complementos nutricionales",
    "nombre": "Chitosán Vivisima+ caja 50 unidades",
    "precio_unitario": "3,89 €",
    "precio_por_unidad": "(0,08 €/ud)",
    "imagen": "https://www.dia.es/product_images/145579/145579_ISO_0_ES.jpg?imwidth=392"
  },
  {
    "categoria": "Parafarmacia",
    "nombre": "Bastoncillos de algodón con palo de papel Imaqe de Dia caja 200 unidades",
    "precio_unitario": "1,00 €",
    "precio_por_unidad": "(0,01 €/ud)",
    "imagen": "https://www.dia.es/product_images/283889/283889_ISO_0_ES.jpg?imwidth=392"
  },
  {
    "categoria": "Parafarmacia",
    "nombre": "Discos de algodón desmaquillantes redondos Imaqe de Dia bolsa 120 unidades",
    "precio_unitario": "0,95 €",
    "precio_por_unidad": "(0,01 €/ud)",
    "imagen": "https://www.dia.es/product_images/283887/283887_ISO_0_ES.jpg?imwidth=392"
  },
  {
    "categoria": "Parafarmacia",
    "nombre": "Tiritas surtidas Botikit de Dia caja 30 unidades",
    "precio_unitario": "0,99 €",
    "precio_por_unidad": "(0,03 €/ud)",
    "imagen": "https://www.dia.es/product_images/297945/297945_ISO_0_ES.jpg?imwidth=392"
  },
  {
    "categoria": "Parafarmacia",
    "nombre": "Agua oxigenada Botikit de Dia botella 250 ml",
    "precio_unitario": "0,65 €",
    "precio_por_unidad": "(0,26 €/100 ML.)",
    "imagen": "https://www.dia.es/product_images/285800/285800_ISO_0_ES.jpg?imwidth=392"
  },
  {
    "categoria": "Parafarmacia",
    "nombre": "Alcohol 96º Botikit de Dia botella 250 ml",
    "precio_unitario": "0,75 €",
    "precio_por_unidad": "(0,30 €/100 ML.)",
    "imagen": "https://www.dia.es/product_images/285801/285801_ISO_0_ES.jpg?imwidth=392"
  },
  {
    "categoria": "Parafarmacia",
    "nombre": "Gasas no tejidas Botikit de Dia bolsa 100 unidades",
    "precio_unitario": "1,95 €",
    "precio_por_unidad": "(0,02 €/ud)",
    "imagen": "https://www.dia.es/product_images/298707/298707_ISO_0_ES.jpg?imwidth=392"
  },
  {
    "categoria": "Parafarmacia",
    "nombre": "Esponjas jabonosas Noname bolsa 10 unidades",
    "precio_unitario": "1,20 €",
    "precio_por_unidad": "(0,12 €/ud)",
    "imagen": "https://www.dia.es/product_images/293542/293542_ISO_0_ES.jpg?imwidth=392"
  },
  {
    "categoria": "Parafarmacia",
    "nombre": "Tiritas impermeables al agua Botikit de Dia caja 10 unidades",
    "precio_unitario": "1,10 €",
    "precio_por_unidad": "(0,11 €/ud)",
    "imagen": "https://www.dia.es/product_images/297951/297951_ISO_0_ES.jpg?imwidth=392"
  },
  {
    "categoria": "Parafarmacia",
    "nombre": "Esparadrapo hipoalergénico en tejido sin tejer Botikit de Dia caja 5 m",
    "precio_unitario": "1,20 €",
    "precio_por_unidad": "(0,24 €/METRO)",
    "imagen": "https://www.dia.es/product_images/297948/297948_ISO_0_ES.jpg?imwidth=392"
  },
  {
    "categoria": "Parafarmacia",
    "nombre": "Discos de algodón desmaquillantes ovalados Imaqe de Dia bolsa 70 unidades",
    "precio_unitario": "1,15 €",
    "precio_por_unidad": "(0,02 €/ud)",
    "imagen": "https://www.dia.es/product_images/283888/283888_ISO_0_ES.jpg?imwidth=392"
  },
  {
    "categoria": "Parafarmacia",
    "nombre": "Vaselina pura Botikit de Dia frasco 100 g",
    "precio_unitario": "2,00 €",
    "precio_por_unidad": "(2,00 €/100 GR.)",
    "imagen": "https://www.dia.es/product_images/275205/275205_ISO_0_ES.jpg?imwidth=392"
  },
  {
    "categoria": "Parafarmacia",
    "nombre": "Desodorante para pies Imaqe de Dia spray 150 ml",
    "precio_unitario": "1,95 €",
    "precio_por_unidad": "(1,30 €/100 ML.)",
    "imagen": "https://www.dia.es/product_images/274587/274587_ISO_0_ES.jpg?imwidth=392"
  },
  {
    "categoria": "Parafarmacia",
    "nombre": "Povidona iodada 10% Cuidaplus bote 125 ml",
    "precio_unitario": "2,25 €",
    "precio_por_unidad": "(1,80 €/100 ML.)",
    "imagen": "https://www.dia.es/product_images/302432/302432_ISO_0_ES.jpg?imwidth=392"
  },
  {
    "categoria": "Parafarmacia",
    "nombre": "Gasas estériles Cosmoplast caja 6 unidades",
    "precio_unitario": "1,10 €",
    "precio_por_unidad": "(0,18 €/ud)",
    "imagen": "https://www.dia.es/product_images/163019/163019_ISO_0_ES.jpg?imwidth=392"
  },
  {
    "categoria": "Parafarmacia",
    "nombre": "Toallitas higienizantes Diat bolsa 15 unidades",
    "precio_unitario": "0,85 €",
    "precio_por_unidad": "(0,06 €/ud)",
    "imagen": "https://www.dia.es/product_images/270106/270106_ISO_0_ES.jpg?imwidth=392"
  },
  {
    "categoria": "Parafarmacia",
    "nombre": "Solución para lentes de contacto Botikit de Dia caja 360 ml",
    "precio_unitario": "3,99 €",
    "precio_por_unidad": "(1,11 €/100 ML.)",
    "imagen": "https://www.dia.es/product_images/295315/295315_ISO_0_ES.jpg?imwidth=392"
  },
  {
    "categoria": "Parafarmacia",
    "nombre": "Tiritas resistentes al agua Hansaplast caja 40 unidades",
    "precio_unitario": "2,49 €",
    "precio_por_unidad": "(0,06 €/ud)",
    "imagen": "https://www.dia.es/product_images/183099/183099_ISO_0_ES.jpg?imwidth=392"
  },
  {
    "categoria": "Parafarmacia",
    "nombre": "Desodorante en polvo para pies Imaqe de Dia bote 100 g",
    "precio_unitario": "2,55 €",
    "precio_por_unidad": "(2,55 €/100 GR.)",
    "imagen": "https://www.dia.es/product_images/274586/274586_ISO_0_ES.jpg?imwidth=392"
  },
  {
    "categoria": "Parafarmacia",
    "nombre": "Bastoncillos de algodón Johnson caja 100 unidades",
    "precio_unitario": "2,49 €",
    "precio_por_unidad": "(0,02 €/ud)",
    "imagen": "https://www.dia.es/product_images/152767/152767_ISO_0_ES.jpg?imwidth=392"
  },
  {
    "categoria": "Parafarmacia",
    "nombre": "Alcohol de romero refrescante y relajante Imaqe de Dia botella 250 ml",
    "precio_unitario": "1,99 €",
    "precio_por_unidad": "(0,80 €/100 ML.)",
    "imagen": "https://www.dia.es/product_images/285847/285847_ISO_0_ES.jpg?imwidth=392"
  },
  {
    "categoria": "Parafarmacia",
    "nombre": "Protector labial original Liposan blister 1 unidad",
    "precio_unitario": "2,75 €",
    "precio_por_unidad": "(2,75 €/ud)",
    "imagen": "https://www.dia.es/product_images/6649/6649_ISO_0_ES.jpg?imwidth=392"
  },
  {
    "categoria": "Parafarmacia",
    "nombre": "Discos desmaquilladores Demak up bolsa 70 unidades",
    "precio_unitario": "2,19 €",
    "precio_por_unidad": "(0,03 €/ud)",
    "imagen": "https://www.dia.es/product_images/34339/34339_ISO_0_ES.jpg?imwidth=392"
  },
  {
    "categoria": "Parafarmacia",
    "nombre": "Clorhexidina 2% antiséptico para piel sana Senti2 spray 125 ml",
    "precio_unitario": "3,00 €",
    "precio_por_unidad": "(2,40 €/100 ML.)",
    "imagen": "https://www.dia.es/product_images/303082/303082_ISO_0_ES.jpg?imwidth=392"
  },
  {
    "categoria": "Parafarmacia",
    "nombre": "Protector cubrecamas 60 x 90 cm Botikit de Dia bolsa 16 unidades",
    "precio_unitario": "6,80 €",
    "precio_por_unidad": "(0,43 €/ud)",
    "imagen": "https://www.dia.es/product_images/298675/298675_ISO_0_ES.jpg?imwidth=392"
  },
  {
    "categoria": "Parafarmacia",
    "nombre": "Stick de árnica Botikit de Dia caja 1 unidad",
    "precio_unitario": "4,00 €",
    "precio_por_unidad": "(4,00 €/ud)",
    "imagen": "https://www.dia.es/product_images/297953/297953_ISO_0_ES.jpg?imwidth=392"
  },
  {
    "categoria": "Parafarmacia",
    "nombre": "Tapones para oídos Botikit de Dia caja 4 unidades",
    "precio_unitario": "1,90 €",
    "precio_por_unidad": "(0,48 €/ud)",
    "imagen": "https://www.dia.es/product_images/297952/297952_ISO_0_ES.jpg?imwidth=392"
  },
  {
    "categoria": "Parafarmacia",
    "nombre": "Toallitas de higiene corporal para adultos Botikit de Dia bolsa 60 unidades",
    "precio_unitario": "3,95 €",
    "precio_por_unidad": "(0,07 €/ud)",
    "imagen": "https://www.dia.es/product_images/296950/296950_ISO_0_ES.jpg?imwidth=392"
  },
  {
    "categoria": "Parafarmacia",
    "nombre": "Preservativos de látex sensitive Imaqe de Dia caja 12 unidades",
    "precio_unitario": "3,12 €",
    "precio_por_unidad": "(0,26 €/ud)",
    "imagen": "https://www.dia.es/product_images/295270/295270_ISO_0_ES.jpg?imwidth=392"
  },
  {
    "categoria": "Parafarmacia",
    "nombre": "Preservativos de látex de caucho natural Imaqe de Dia caja 24 unidades",
    "precio_unitario": "4,72 €",
    "precio_por_unidad": "(0,20 €/ud)",
    "imagen": "https://www.dia.es/product_images/295269/295269_ISO_0_ES.jpg?imwidth=392"
  },
  {
    "categoria": "Parafarmacia",
    "nombre": "Esponjas faciales desmaquillantes Imaqe de Dia bolsa 2 unidades",
    "precio_unitario": "1,00 €",
    "precio_por_unidad": "(0,50 €/ud)",
    "imagen": "https://www.dia.es/product_images/293541/293541_ISO_0_ES.jpg?imwidth=392"
  },
  {
    "categoria": "Parafarmacia",
    "nombre": "Tiritas infantiles Patrulla Canina Salvelox caja 20 unidades",
    "precio_unitario": "2,90 €",
    "precio_por_unidad": "(0,15 €/ud)",
    "imagen": "https://www.dia.es/product_images/285172/285172_ISO_0_ES.jpg?imwidth=392"
  },
  {
    "categoria": "Parafarmacia",
    "nombre": "Preservativos original Skin caja 10 unidades",
    "precio_unitario": "7,55 €",
    "precio_por_unidad": "(0,76 €/ud)",
    "imagen": "https://www.dia.es/product_images/277610/277610_ISO_0_ES.jpg?imwidth=392"
  },
  {
    "categoria": "Parafarmacia",
    "nombre": "Gel de manos antiséptico Botikit de Dia bote 100 ml",
    "precio_unitario": "1,60 €",
    "precio_por_unidad": "(1,60 €/100 ML.)",
    "imagen": "https://www.dia.es/product_images/274194/274194_ISO_0_ES.jpg?imwidth=392"
  },
  {
    "categoria": "Parafarmacia",
    "nombre": "Discos desmaquillantes original Demak up bolsa 60 unidades",
    "precio_unitario": "1,29 €",
    "precio_por_unidad": "(0,02 €/ud)",
    "imagen": "https://www.dia.es/product_images/271047/271047_ISO_0_ES.jpg?imwidth=392"
  },
  {
    "categoria": "Parafarmacia",
    "nombre": "Bastoncillos de algodón con palo de papel Planeta Bebé de Dia caja 50 unidades",
    "precio_unitario": "0,85 €",
    "precio_por_unidad": "(0,02 €/ud)",
    "imagen": "https://www.dia.es/product_images/269568/269568_ISO_0_ES.jpg?imwidth=392"
  },
  {
    "categoria": "Parafarmacia",
    "nombre": "Gel lubricante íntimo thai passion Control bote 200 ml",
    "precio_unitario": "7,19 €",
    "precio_por_unidad": "(3,60 €/100 ML.)",
    "imagen": "https://www.dia.es/product_images/265626/265626_ISO_0_ES.jpg?imwidth=392"
  },
  {
    "categoria": "Parafarmacia",
    "nombre": "Gel lubricante íntimo exotic escape Control bote 200 ml",
    "precio_unitario": "8,29 €",
    "precio_por_unidad": "(4,15 €/100 ML.)",
    "imagen": "https://www.dia.es/product_images/265625/265625_ISO_0_ES.jpg?imwidth=392"
  },
  {
    "categoria": "Parafarmacia",
    "nombre": "Preservativos sensitivo xl Durex caja 10 unidades",
    "precio_unitario": "9,95 €",
    "precio_por_unidad": "(1,00 €/ud)",
    "imagen": "https://www.dia.es/product_images/264900/264900_ISO_0_ES.jpg?imwidth=392"
  },
  {
    "categoria": "Parafarmacia",
    "nombre": "Preservativos sensitivo suave Durex caja 12 unidades",
    "precio_unitario": "7,99 €",
    "precio_por_unidad": "(0,67 €/ud)",
    "imagen": "https://www.dia.es/product_images/264899/264899_ISO_0_ES.jpg?imwidth=392"
  },
  {
    "categoria": "Parafarmacia",
    "nombre": "Preservativos natural comfort Durex caja 12 unidades",
    "precio_unitario": "6,99 €",
    "precio_por_unidad": "(0,58 €/ud)",
    "imagen": "https://www.dia.es/product_images/264897/264897_ISO_0_ES.jpg?imwidth=392"
  },
  {
    "categoria": "Parafarmacia",
    "nombre": "Preservativos invisible sensitivo Durex caja 12 unidades",
    "precio_unitario": "13,95 €",
    "precio_por_unidad": "(1,16 €/ud)",
    "imagen": "https://www.dia.es/product_images/264896/264896_ISO_0_ES.jpg?imwidth=392"
  },
  {
    "categoria": "Parafarmacia",
    "nombre": "Preservativos contacto total Durex caja 12 unidades",
    "precio_unitario": "10,95 €",
    "precio_por_unidad": "(0,91 €/ud)",
    "imagen": "https://www.dia.es/product_images/264894/264894_ISO_0_ES.jpg?imwidth=392"
  },
  {
    "categoria": "Parafarmacia",
    "nombre": "Preservativos mutual climax Durex caja 12 unidades",
    "precio_unitario": "13,95 €",
    "precio_por_unidad": "(1,16 €/ud)",
    "imagen": "https://www.dia.es/product_images/264893/264893_ISO_0_ES.jpg?imwidth=392"
  },
  {
    "categoria": "Parafarmacia",
    "nombre": "Preservativo natural Control caja 12 unidades",
    "precio_unitario": "6,79 €",
    "precio_por_unidad": "(0,57 €/ud)",
    "imagen": "https://www.dia.es/product_images/263930/263930_ISO_0_ES.jpg?imwidth=392"
  },
  {
    "categoria": "Parafarmacia",
    "nombre": "Preservativos finissimo original Control caja 12 unidades",
    "precio_unitario": "7,84 €",
    "precio_por_unidad": "(0,65 €/ud)",
    "imagen": "https://www.dia.es/product_images/263929/263929_ISO_0_ES.jpg?imwidth=392"
  },
  {
    "categoria": "Parafarmacia",
    "nombre": "Lubricante natural intimate Durex tubo 100 ml",
    "precio_unitario": "13,95 €",
    "precio_por_unidad": "(13,95 €/100 ML.)",
    "imagen": "https://www.dia.es/product_images/233825/233825_ISO_0_ES.jpg?imwidth=392"
  },
  {
    "categoria": "Parafarmacia",
    "nombre": "Lubricante íntimo fresa pleasure gel Durex bote 50 ml",
    "precio_unitario": "10,55 €",
    "precio_por_unidad": "(21,10 €/100 ML.)",
    "imagen": "https://www.dia.es/product_images/205108/205108_ISO_0_ES.jpg?imwidth=392"
  },
  {
    "categoria": "Parafarmacia",
    "nombre": "Polvos de talco Eudermin bote 200 g",
    "precio_unitario": "1,99 €",
    "precio_por_unidad": "(1,00 €/100 GR.)",
    "imagen": "https://www.dia.es/product_images/185641/185641_ISO_0_ES.jpg?imwidth=392"
  },
  {
    "categoria": "Parafarmacia",
    "nombre": "Gel de masaje y lubricante íntimo aloe Durex bote 200 ml",
    "precio_unitario": "13,49 €",
    "precio_por_unidad": "(6,75 €/100 ML.)",
    "imagen": "https://www.dia.es/product_images/153894/153894_ISO_0_ES.jpg?imwidth=392"
  },
  {
    "categoria": "Parafarmacia",
    "nombre": "Protector labial soft rose Liposan tubo 1 unidad",
    "precio_unitario": "2,75 €",
    "precio_por_unidad": "(2,75 €/ud)",
    "imagen": "https://www.dia.es/product_images/151457/151457_ISO_0_ES.jpg?imwidth=392"
  },
  {
    "categoria": "Quitaesmalte",
    "nombre": "Quitaesmalte con acetona Imaqe de Dia botella 200 ml",
    "precio_unitario": "1,15 €",
    "precio_por_unidad": "(0,58 €/100 ML.)",
    "imagen": "https://www.dia.es/product_images/297175/297175_ISO_0_ES.jpg?imwidth=392"
  },
  {
    "categoria": "Quitaesmalte",
    "nombre": "Quitaesmalte con acetona pura Imaqe de Dia botella 200 ml",
    "precio_unitario": "1,70 €",
    "precio_por_unidad": "(0,85 €/100 ML.)",
    "imagen": "https://www.dia.es/product_images/297243/297243_ISO_0_ES.jpg?imwidth=392"
  },
  {
    "categoria": "Quitaesmalte",
    "nombre": "Quitaesmalte extrahidratante Cutex botella 200 ml",
    "precio_unitario": "3,29 €",
    "precio_por_unidad": "(1,65 €/100 ML.)",
    "imagen": "https://www.dia.es/product_images/246259/246259_ISO_0_ES.jpg?imwidth=392"
  },
  {
    "categoria": "Quitaesmalte",
    "nombre": "Quitaesmalte sin acetona Imaqe de Dia botella 200 ml",
    "precio_unitario": "1,30 €",
    "precio_por_unidad": "(0,65 €/100 ML.)",
    "imagen": "https://www.dia.es/product_images/297242/297242_ISO_0_ES.jpg?imwidth=392"
  },
  {
    "categoria": "Quitaesmalte",
    "nombre": "Quitaesmalte ultra efectivo Cutex botella 200 ml",
    "precio_unitario": "3,29 €",
    "precio_por_unidad": "(1,65 €/100 ML.)",
    "imagen": "https://www.dia.es/product_images/245193/245193_ISO_0_ES.jpg?imwidth=392"
  },
  {
    "categoria": "Depilación",
    "nombre": "Maquinilla depilación dos hojas Imaqe de Dia bolsa 10 unidades",
    "precio_unitario": "1,80 €",
    "precio_por_unidad": "(0,18 €/ud)",
    "imagen": "https://www.dia.es/product_images/289921/289921_ISO_0_ES.jpg?imwidth=392"
  },
  {
    "categoria": "Depilación",
    "nombre": "Cera depilatoria caliente Imaqe de Dia bote 100 g",
    "precio_unitario": "2,65 €",
    "precio_por_unidad": "(2,65 €/100 GR.)",
    "imagen": "https://www.dia.es/product_images/284104/284104_ISO_0_ES.jpg?imwidth=392"
  },
  {
    "categoria": "Depilación",
    "nombre": "Banda depilatoria facial aloe vera Imaqe de Dia frasco 16 unidades",
    "precio_unitario": "1,10 €",
    "precio_por_unidad": "(0,07 €/ud)",
    "imagen": "https://www.dia.es/product_images/284105/284105_ISO_0_ES.jpg?imwidth=392"
  },
  {
    "categoria": "Depilación",
    "nombre": "Maquinilla depilación 3 hojas Imaqe de Dia bolsa 4 unidades",
    "precio_unitario": "2,60 €",
    "precio_por_unidad": "(0,65 €/ud)",
    "imagen": "https://www.dia.es/product_images/289922/289922_ISO_0_ES.jpg?imwidth=392"
  },
  {
    "categoria": "Depilación",
    "nombre": "Bandas de cera depilatoria corporal aloe vera Imaqe de Dia estuche 20 unidades",
    "precio_unitario": "1,40 €",
    "precio_por_unidad": "(0,07 €/ud)",
    "imagen": "https://www.dia.es/product_images/284106/284106_ISO_0_ES.jpg?imwidth=392"
  },
  {
    "categoria": "Depilación",
    "nombre": "Maquinilla desechable mujer Gillette Blue II blister 5 unidades",
    "precio_unitario": "2,99 €",
    "precio_por_unidad": "(0,60 €/ud)",
    "imagen": "https://www.dia.es/product_images/65899/65899_ISO_0_ES.jpg?imwidth=392"
  },
  {
    "categoria": "Depilación",
    "nombre": "Bandas de cera depilatoria facial Veet caja 20 unidades",
    "precio_unitario": "4,99 €",
    "precio_por_unidad": "(0,25 €/ud)",
    "imagen": "https://www.dia.es/product_images/273753/273753_ISO_0_ES.jpg?imwidth=392"
  },
  {
    "categoria": "Depilación",
    "nombre": "Crema depilatoria aloe vera Imaqe de Dia bote 200 ml",
    "precio_unitario": "3,19 €",
    "precio_por_unidad": "(1,60 €/100 ML.)",
    "imagen": "https://www.dia.es/product_images/284103/284103_ISO_0_ES.jpg?imwidth=392"
  },
  {
    "categoria": "Depilación",
    "nombre": "Recambio maquinilla de depilación 5 hojas Imaqe de Dia caja 2 unidades",
    "precio_unitario": "4,90 €",
    "precio_por_unidad": "(2,45 €/ud)",
    "imagen": "https://www.dia.es/product_images/289924/289924_ISO_0_ES.jpg?imwidth=392"
  },
  {
    "categoria": "Depilación",
    "nombre": "Maquinilla confortglide spa breeze Gillette Venus blister 1 unidad",
    "precio_unitario": "7,99 €",
    "precio_por_unidad": "(7,99 €/ud)",
    "imagen": "https://www.dia.es/product_images/284682/284682_ISO_0_ES.jpg?imwidth=392"
  },
  {
    "categoria": "Depilación",
    "nombre": "Maquinilla confortglide spa breeze recambio Gillette Venus blister 4 unidades",
    "precio_unitario": "14,99 €",
    "precio_por_unidad": "(3,75 €/ud)",
    "imagen": "https://www.dia.es/product_images/284683/284683_ISO_0_ES.jpg?imwidth=392"
  },
  {
    "categoria": "Depilación",
    "nombre": "Maquinilla desechable mujer Wilkinson blister 7 unidades",
    "precio_unitario": "3,55 €",
    "precio_por_unidad": "(0,51 €/ud)",
    "imagen": "https://www.dia.es/product_images/151534/151534_ISO_0_ES.jpg?imwidth=392"
  },
  {
    "categoria": "Depilación",
    "nombre": "Maquinilla depilación recargable 5 hojas Imaqe de Dia caja 1 unidad",
    "precio_unitario": "4,85 €",
    "precio_por_unidad": "(4,85 €/ud)",
    "imagen": "https://www.dia.es/product_images/289923/289923_ISO_0_ES.jpg?imwidth=392"
  },
  {
    "categoria": "Depilación",
    "nombre": "Crema depilatoria piel sensible Veet tubo 200 ml",
    "precio_unitario": "4,99 €",
    "precio_por_unidad": "(2,50 €/100 ML.)",
    "imagen": "https://www.dia.es/product_images/143654/143654_ISO_0_ES.jpg?imwidth=392"
  },
  {
    "categoria": "Depilación",
    "nombre": "Maquinilla depilación 5 hojas formato viaje Imaqe de Dia caja 1 unidad",
    "precio_unitario": "4,90 €",
    "precio_por_unidad": "(4,90 €/ud)",
    "imagen": "https://www.dia.es/product_images/289925/289925_ISO_0_ES.jpg?imwidth=392"
  },
  {
    "categoria": "Depilación",
    "nombre": "Crema depilatoria áreas sensibles + bálsamo post-depilación Veet Men caja 150 ml",
    "precio_unitario": "6,49 €",
    "precio_por_unidad": "(4,33 €/100 ML.)",
    "imagen": "https://www.dia.es/product_images/284752/284752_ISO_0_ES.jpg?imwidth=392"
  },
  {
    "categoria": "Depilación",
    "nombre": "Maquinilla desechable mujer Wilkinson blister 8 unidades",
    "precio_unitario": "7,39 €",
    "precio_por_unidad": "(0,92 €/ud)",
    "imagen": "https://www.dia.es/product_images/236341/236341_ISO_0_ES.jpg?imwidth=392"
  },
  {
    "categoria": "Depilación",
    "nombre": "Bandas de cera depilatoria corporal Veet caja 20 unidades",
    "precio_unitario": "5,49 €",
    "precio_por_unidad": "(0,27 €/ud)",
    "imagen": "https://www.dia.es/product_images/273754/273754_ISO_0_ES.jpg?imwidth=392"
  },
  {
    "categoria": "Depilación",
    "nombre": "Gel crema depilatorio corporal piel sensible Veet tubo 200 ml",
    "precio_unitario": "4,99 €",
    "precio_por_unidad": "(2,50 €/100 ML.)",
    "imagen": "https://www.dia.es/product_images/152409/152409_ISO_0_ES.jpg?imwidth=392"
  },
  {
    "categoria": "Depilación",
    "nombre": "Crema gel depilatoria hidratante Body Natur tubo 200 ml",
    "precio_unitario": "3,45 €",
    "precio_por_unidad": "(1,73 €/100 ML.)",
    "imagen": "https://www.dia.es/product_images/256811/256811_ISO_0_ES.jpg?imwidth=392"
  },
  {
    "categoria": "Depilación",
    "nombre": "Maquinilla desechable mujer Wilkinson blister 4 unidades",
    "precio_unitario": "4,25 €",
    "precio_por_unidad": "(1,06 €/ud)",
    "imagen": "https://www.dia.es/product_images/245060/245060_ISO_0_ES.jpg?imwidth=392"
  },
  {
    "categoria": "Depilación",
    "nombre": "Banda cera fría facial piel normal Veet caja 16 unidades",
    "precio_unitario": "4,99 €",
    "precio_por_unidad": "(0,31 €/ud)",
    "imagen": "https://www.dia.es/product_images/162332/162332_ISO_0_ES.jpg?imwidth=392"
  },
  {
    "categoria": "",
    "nombre": "Calendario de adviento Muller&muller 75 g",
    "precio_unitario": "1,75 €",
    "precio_por_unidad": "(23,33 €/kg)",
    "imagen": "https://www.dia.es/product_images/35626/35626_ISO_0_ES.jpg?imwidth=392"
  },
  {
    "categoria": "",
    "nombre": "Surtido de hojaldradas clásicas y con naranja libro Dulce Noel Dia lata 350 g",
    "precio_unitario": "6,99 €",
    "precio_por_unidad": "(19,97 €/kg)",
    "imagen": "https://www.dia.es/product_images/302669/302669_ISO_0_ES.jpg?imwidth=392"
  },
  {
    "categoria": "",
    "nombre": "Bombones rellenos de coco y almendra Ferrero Raffaello caja 150 g",
    "precio_unitario": "4,39 €",
    "precio_por_unidad": "(29,27 €/kg)",
    "imagen": "https://www.dia.es/product_images/85754/85754_ISO_0_ES.jpg?imwidth=392"
  },
  {
    "categoria": "",
    "nombre": "Bombones surtidos Nestlé Caja Roja caja 398 g",
    "precio_unitario": "11,99 €",
    "precio_por_unidad": "(30,13 €/kg)",
    "imagen": "https://www.dia.es/product_images/85341/85341_ISO_0_ES.jpg?imwidth=392"
  },
  {
    "categoria": "",
    "nombre": "Huevos de chocolate con sorpresa 3 unidades Kinder caja 60 g",
    "precio_unitario": "3,49 €",
    "precio_por_unidad": "(58,17 €/kg)",
    "imagen": "https://www.dia.es/product_images/76578/76578_ISO_0_ES.jpg?imwidth=392"
  },
  {
    "categoria": "",
    "nombre": "Monedas de chocolate Crest malla 100 g",
    "precio_unitario": "1,50 €",
    "precio_por_unidad": "(15,00 €/kg)",
    "imagen": "https://www.dia.es/product_images/69241/69241_ISO_0_ES.jpg?imwidth=392"
  },
  {
    "categoria": "",
    "nombre": "Panettone clásico con frutas Dulce Noel Dia caja 500 g",
    "precio_unitario": "4,29 €",
    "precio_por_unidad": "(8,58 €/kg)",
    "imagen": "https://www.dia.es/product_images/62153/62153_ISO_0_ES.jpg?imwidth=392"
  },
  {
    "categoria": "",
    "nombre": "Bombones Ferrero Rocher bolsa 35 g",
    "precio_unitario": "1,50 €",
    "precio_por_unidad": "(42,86 €/kg)",
    "imagen": "https://www.dia.es/product_images/55648/55648_ISO_0_ES.jpg?imwidth=392"
  },
  {
    "categoria": "",
    "nombre": "Crema de cacao con avellanas Nutella bote 350 g",
    "precio_unitario": "3,95 €",
    "precio_por_unidad": "(11,29 €/kg)",
    "imagen": "https://www.dia.es/product_images/49869/49869_ISO_0_ES.jpg?imwidth=392"
  },
  {
    "categoria": "",
    "nombre": "Bombones surtidos Nestlé Caja Roja caja 100 g",
    "precio_unitario": "3,99 €",
    "precio_por_unidad": "(38,74 €/kg)",
    "imagen": "https://www.dia.es/product_images/48912/48912_ISO_0_ES.jpg?imwidth=392"
  },
  {
    "categoria": "",
    "nombre": "Bombones de chocolate con leche Lindt Lindor caja 200 g",
    "precio_unitario": "7,49 €",
    "precio_por_unidad": "(37,45 €/kg)",
    "imagen": "https://www.dia.es/product_images/45440/45440_ISO_0_ES.jpg?imwidth=392"
  },
  {
    "categoria": "",
    "nombre": "Huevos de chocolate relleno de leche y avellanas Kinder bolsa 200 g",
    "precio_unitario": "4,39 €",
    "precio_por_unidad": "(21,95 €/kg)",
    "imagen": "https://www.dia.es/product_images/41749/41749_ISO_0_ES.jpg?imwidth=392"
  },
  {
    "categoria": "",
    "nombre": "Huevo de chocolate con sorpresa Kinder 20 g",
    "precio_unitario": "1,30 €",
    "precio_por_unidad": "(65,00 €/kg)",
    "imagen": "https://www.dia.es/product_images/37008/37008_ISO_0_ES.jpg?imwidth=392"
  },
  {
    "categoria": "",
    "nombre": "Láminas de chocolate y menta After Eight Nestlé estuche 200 g",
    "precio_unitario": "3,99 €",
    "precio_por_unidad": "(19,95 €/kg)",
    "imagen": "https://www.dia.es/product_images/3676/3676_ISO_0_ES.jpg?imwidth=392"
  },
  {
    "categoria": "",
    "nombre": "Bombones Ferrero Rocher caja 375 g",
    "precio_unitario": "10,59 €",
    "precio_por_unidad": "(28,24 €/kg)",
    "imagen": "https://www.dia.es/product_images/36341/36341_ISO_0_ES.jpg?imwidth=392"
  },
  {
    "categoria": "",
    "nombre": "Piruleta chocolate con leche 10 unidades Crest bolsa 150 g",
    "precio_unitario": "3,19 €",
    "precio_por_unidad": "(21,27 €/kg)",
    "imagen": "https://www.dia.es/product_images/35613/35613_ISO_0_ES.jpg?imwidth=392"
  },
  {
    "categoria": "",
    "nombre": "Huevo de chocolate maxi con sorpresa Kinder 100 g",
    "precio_unitario": "5,99 €",
    "precio_por_unidad": "(59,90 €/kg)",
    "imagen": "https://www.dia.es/product_images/32789/32789_ISO_0_ES.jpg?imwidth=392"
  },
  {
    "categoria": "",
    "nombre": "Figuritas de mazapán Dulce Noel Dia caja 200 g",
    "precio_unitario": "2,09 €",
    "precio_por_unidad": "(10,45 €/kg)",
    "imagen": "https://www.dia.es/product_images/3264/3264_ISO_0_ES.jpg?imwidth=392"
  },
  {
    "categoria": "",
    "nombre": "Mini barritas de galleta recubiertas de chocolate Kit Kat bolsa 200 g",
    "precio_unitario": "2,99 €",
    "precio_por_unidad": "(14,95 €/kg)",
    "imagen": "https://www.dia.es/product_images/30432/30432_ISO_0_ES.jpg?imwidth=392"
  },
  {
    "categoria": "",
    "nombre": "Figura de chocolate Kinder 35 g",
    "precio_unitario": "1,15 €",
    "precio_por_unidad": "(32,86 €/kg)",
    "imagen": "https://www.dia.es/product_images/304278/304278_ISO_0_ES.jpg?imwidth=392"
  },
  {
    "categoria": "",
    "nombre": "Bombones surtidos gift box Lindt caja 137 g",
    "precio_unitario": "7,49 €",
    "precio_por_unidad": "(54,67 €/kg)",
    "imagen": "https://www.dia.es/product_images/304177/304177_ISO_0_ES.jpg?imwidth=392"
  },
  {
    "categoria": "",
    "nombre": "Bombones de chocolate con leche Lindt caja 37 g",
    "precio_unitario": "1,50 €",
    "precio_por_unidad": "(40,54 €/kg)",
    "imagen": "https://www.dia.es/product_images/304176/304176_ISO_0_ES.jpg?imwidth=392"
  },
  {
    "categoria": "",
    "nombre": "Figura de chocolate M&M's 100 g",
    "precio_unitario": "3,99 €",
    "precio_por_unidad": "(39,90 €/kg)",
    "imagen": "https://www.dia.es/product_images/304155/304155_ISO_0_ES.jpg?imwidth=392"
  },
  {
    "categoria": "",
    "nombre": "Surtido de chocolatinas Celebrations caja 196 g",
    "precio_unitario": "3,99 €",
    "precio_por_unidad": "(20,36 €/kg)",
    "imagen": "https://www.dia.es/product_images/304149/304149_ISO_0_ES.jpg?imwidth=392"
  },
  {
    "categoria": "",
    "nombre": "Bombones de chocolate con leche caja dorada Suchard caja 127 g",
    "precio_unitario": "4,99 €",
    "precio_por_unidad": "(39,29 €/kg)",
    "imagen": "https://www.dia.es/product_images/303973/303973_ISO_0_ES.jpg?imwidth=392"
  },
  {
    "categoria": "",
    "nombre": "Chocolate con leche con pistachos Lacasa 90 g",
    "precio_unitario": "2,99 €",
    "precio_por_unidad": "(33,22 €/kg)",
    "imagen": "https://www.dia.es/product_images/303696/303696_ISO_0_ES.jpg?imwidth=392"
  },
  {
    "categoria": "",
    "nombre": "Huevos de chocolate más peluche Nestlé caja 80 g",
    "precio_unitario": "3,99 €",
    "precio_por_unidad": "(49,88 €/kg)",
    "imagen": "https://www.dia.es/product_images/303540/303540_ISO_0_ES.jpg?imwidth=392"
  },
  {
    "categoria": "",
    "nombre": "Turrón extrafino Filipinos Nestlé bolsa 230 g",
    "precio_unitario": "3,99 €",
    "precio_por_unidad": "(17,35 €/kg)",
    "imagen": "https://www.dia.es/product_images/303489/303489_ISO_0_ES.jpg?imwidth=392"
  },
  {
    "categoria": "",
    "nombre": "Hojaldres nevaditos Dulce Noel Dia caja 230 g",
    "precio_unitario": "1,99 €",
    "precio_por_unidad": "(8,65 €/kg)",
    "imagen": "https://www.dia.es/product_images/303231/303231_ISO_0_ES.jpg?imwidth=392"
  },
  {
    "categoria": "",
    "nombre": "Surtido clásico chocolate negro Pergale caja 114 g",
    "precio_unitario": "2,50 €",
    "precio_por_unidad": "(21,93 €/kg)",
    "imagen": "https://www.dia.es/product_images/303211/303211_ISO_0_ES.jpg?imwidth=392"
  },
  {
    "categoria": "",
    "nombre": "Mini mantecados de mantequilla D.sancho melero caja 160 g",
    "precio_unitario": "2,99 €",
    "precio_por_unidad": "(18,69 €/kg)",
    "imagen": "https://www.dia.es/product_images/303159/303159_ISO_0_ES.jpg?imwidth=392"
  },
  {
    "categoria": "",
    "nombre": "Bombones rellenos de dulce de leche 1880 caja 100 g",
    "precio_unitario": "2,99 €",
    "precio_por_unidad": "(29,90 €/kg)",
    "imagen": "https://www.dia.es/product_images/303156/303156_ISO_0_ES.jpg?imwidth=392"
  },
  {
    "categoria": "",
    "nombre": "Calendario de adviento Nestlé Extrafino estuche 85 g",
    "precio_unitario": "4,99 €",
    "precio_por_unidad": "(58,71 €/kg)",
    "imagen": "https://www.dia.es/product_images/303016/303016_ISO_0_ES.jpg?imwidth=392"
  },
  {
    "categoria": "",
    "nombre": "Surtido de pralinés Temptation de Dia bolsa 320 g",
    "precio_unitario": "4,50 €",
    "precio_por_unidad": "(14,06 €/kg)",
    "imagen": "https://www.dia.es/product_images/302911/302911_ISO_0_ES.jpg?imwidth=392"
  },
  {
    "categoria": "",
    "nombre": "Surtido de lenguas de gato Temptation de Dia caja 60 g",
    "precio_unitario": "1,99 €",
    "precio_por_unidad": "(33,17 €/kg)",
    "imagen": "https://www.dia.es/product_images/302908/302908_ISO_0_ES.jpg?imwidth=392"
  },
  {
    "categoria": "",
    "nombre": "Turrón crujiente de chocolate blanco con galletas Dulce Noel Dia bolsa 150 g",
    "precio_unitario": "1,99 €",
    "precio_por_unidad": "(13,27 €/kg)",
    "imagen": "https://www.dia.es/product_images/302907/302907_ISO_0_ES.jpg?imwidth=392"
  },
  {
    "categoria": "",
    "nombre": "Turrón crujiente de chocolate con galletas Dulce Noel Dia bolsa 150 g",
    "precio_unitario": "1,99 €",
    "precio_por_unidad": "(13,27 €/kg)",
    "imagen": "https://www.dia.es/product_images/302906/302906_ISO_0_ES.jpg?imwidth=392"
  },
  {
    "categoria": "",
    "nombre": "Turrón crujiente de chocolate blanco Dulce Noel Dia bolsa 150 g",
    "precio_unitario": "1,99 €",
    "precio_por_unidad": "(13,27 €/kg)",
    "imagen": "https://www.dia.es/product_images/302902/302902_ISO_0_ES.jpg?imwidth=392"
  },
  {
    "categoria": "",
    "nombre": "Turrón crujiente de chocolate negro Dulce Noel Dia bolsa 150 g",
    "precio_unitario": "1,99 €",
    "precio_por_unidad": "(13,27 €/kg)",
    "imagen": "https://www.dia.es/product_images/302901/302901_ISO_0_ES.jpg?imwidth=392"
  },
  {
    "categoria": "",
    "nombre": "Surtido de turrones pralinés Dulce Noel Dia bolsa 140 g",
    "precio_unitario": "2,39 €",
    "precio_por_unidad": "(17,07 €/kg)",
    "imagen": "https://www.dia.es/product_images/302677/302677_ISO_0_ES.jpg?imwidth=392"
  },
  {
    "categoria": "",
    "nombre": "Turrón crujiente de chocolate sin azúcares añadidos Dulce Noel Dia bolsa 110 g",
    "precio_unitario": "1,89 €",
    "precio_por_unidad": "(17,18 €/kg)",
    "imagen": "https://www.dia.es/product_images/302675/302675_ISO_0_ES.jpg?imwidth=392"
  },
  {
    "categoria": "",
    "nombre": "Turrón de mandarina relleno de avellana Dulce Noel Dia bolsa 250 g",
    "precio_unitario": "4,29 €",
    "precio_por_unidad": "(17,16 €/kg)",
    "imagen": "https://www.dia.es/product_images/302674/302674_ISO_0_ES.jpg?imwidth=392"
  },
  {
    "categoria": "",
    "nombre": "Turrón blando crujiente Dulce Noel Dia bolsa 250 g",
    "precio_unitario": "3,99 €",
    "precio_por_unidad": "(15,96 €/kg)",
    "imagen": "https://www.dia.es/product_images/302673/302673_ISO_0_ES.jpg?imwidth=392"
  },
  {
    "categoria": "",
    "nombre": "Turrón praliné con crema de cacahuete al toque sal Dulce Noel Dia caja 150 g",
    "precio_unitario": "2,50 €",
    "precio_por_unidad": "(16,67 €/kg)",
    "imagen": "https://www.dia.es/product_images/302672/302672_ISO_0_ES.jpg?imwidth=392"
  },
  {
    "categoria": "",
    "nombre": "Turrón praliné con galleta caramelizada Dulce Noel Dia caja 150 g",
    "precio_unitario": "2,50 €",
    "precio_por_unidad": "(16,67 €/kg)",
    "imagen": "https://www.dia.es/product_images/302671/302671_ISO_0_ES.jpg?imwidth=392"
  },
  {
    "categoria": "",
    "nombre": "Mantecados de canela sin gluten Dulce Noel Dia caja 180 g",
    "precio_unitario": "2,99 €",
    "precio_por_unidad": "(16,61 €/kg)",
    "imagen": "https://www.dia.es/product_images/302670/302670_ISO_0_ES.jpg?imwidth=392"
  },
  {
    "categoria": "",
    "nombre": "Láminas de chocolate blanco y trocitos de limón Temptation de Dia caja 100 g",
    "precio_unitario": "2,99 €",
    "precio_por_unidad": "(29,90 €/kg)",
    "imagen": "https://www.dia.es/product_images/302662/302662_ISO_0_ES.jpg?imwidth=392"
  },
  {
    "categoria": "",
    "nombre": "Láminas de chocolate con leche y naranja Temptation de Dia caja 100 g",
    "precio_unitario": "2,99 €",
    "precio_por_unidad": "(29,90 €/kg)",
    "imagen": "https://www.dia.es/product_images/302661/302661_ISO_0_ES.jpg?imwidth=392"
  },
  {
    "categoria": "",
    "nombre": "Láminas de chocolate negro y trocitos de fresa Temptation de Dia caja 100 g",
    "precio_unitario": "2,99 €",
    "precio_por_unidad": "(29,90 €/kg)",
    "imagen": "https://www.dia.es/product_images/302660/302660_ISO_0_ES.jpg?imwidth=392"
  },
  {
    "categoria": "",
    "nombre": "Calendario de adviento mix estrella Kinder caja 149 g",
    "precio_unitario": "7,99 €",
    "precio_por_unidad": "(53,62 €/kg)",
    "imagen": "https://www.dia.es/product_images/297434/297434_ISO_0_ES.jpg?imwidth=392"
  },
  {
    "categoria": "",
    "nombre": "Pandoro de limón La hornada Dia bolsa 750 g",
    "precio_unitario": "4,99 €",
    "precio_por_unidad": "(6,65 €/kg)",
    "imagen": "https://www.dia.es/product_images/296879/296879_ISO_0_ES.jpg?imwidth=392"
  },
  {
    "categoria": "",
    "nombre": "Roscón de Reyes premium con nata El Horno Real Dia caja 875 g",
    "precio_unitario": "9,99 €",
    "precio_por_unidad": "(11,10 €/kg)",
    "imagen": "https://www.dia.es/product_images/296874/296874_ISO_0_ES.jpg?imwidth=392"
  },
  {
    "categoria": "",
    "nombre": "Hojaldrada rellena de crema de cacao La flor de Antequera caja 160 g",
    "precio_unitario": "1,50 €",
    "precio_por_unidad": "(10,71 €/kg)",
    "imagen": "https://www.dia.es/product_images/296367/296367_ISO_0_ES.jpg?imwidth=392"
  },
  {
    "categoria": "",
    "nombre": "Cortadillo relleno de cabello de Ángel La flor de Antequera caja 144 g",
    "precio_unitario": "1,50 €",
    "precio_por_unidad": "(10,42 €/kg)",
    "imagen": "https://www.dia.es/product_images/296366/296366_ISO_0_ES.jpg?imwidth=392"
  },
  {
    "categoria": "",
    "nombre": "Turrón crujiente de chocolate con leche Dulce Noel Dia bolsa 140 g",
    "precio_unitario": "1,29 €",
    "precio_por_unidad": "(9,21 €/kg)",
    "imagen": "https://www.dia.es/product_images/296017/296017_ISO_0_ES.jpg?imwidth=392"
  },
  {
    "categoria": "",
    "nombre": "Turrón de chocolate y trocitos de galleta PrÍncipe Suchard 260 g",
    "precio_unitario": "3,99 €",
    "precio_por_unidad": "(17,35 €/kg)",
    "imagen": "https://www.dia.es/product_images/295860/295860_ISO_0_ES.jpg?imwidth=392"
  },
  {
    "categoria": "",
    "nombre": "Galletas con mantequilla Dulce Noel Dia caja 125 g",
    "precio_unitario": "1,50 €",
    "precio_por_unidad": "(12,00 €/kg)",
    "imagen": "https://www.dia.es/product_images/295589/295589_ISO_0_ES.jpg?imwidth=392"
  },
  {
    "categoria": "",
    "nombre": "Turrón con crema de galleta belga Dulce Noel Dia caja 150 g",
    "precio_unitario": "2,75 €",
    "precio_por_unidad": "(18,33 €/kg)",
    "imagen": "https://www.dia.es/product_images/295585/295585_ISO_0_ES.jpg?imwidth=392"
  },
  {
    "categoria": "",
    "nombre": "Turrón de pistacho Dulce Noel Dia caja 150 g",
    "precio_unitario": "2,95 €",
    "precio_por_unidad": "(19,67 €/kg)",
    "imagen": "https://www.dia.es/product_images/295580/295580_ISO_0_ES.jpg?imwidth=392"
  },
  {
    "categoria": "",
    "nombre": "Turrón de chocolate con leche y galleta Nestlé Dinosaurus bolsa 230 g",
    "precio_unitario": "3,99 €",
    "precio_por_unidad": "(17,35 €/kg)",
    "imagen": "https://www.dia.es/product_images/295526/295526_ISO_0_ES.jpg?imwidth=392"
  },
  {
    "categoria": "",
    "nombre": "Mix de chocolatinas + peluche Nestlé Extrafino caja 140 g (modelos diferentes)",
    "precio_unitario": "9,99 €",
    "precio_por_unidad": "(70,35 €/kg)",
    "imagen": "https://www.dia.es/product_images/295525/295525_ISO_0_ES.jpg?imwidth=392"
  },
  {
    "categoria": "",
    "nombre": "Bombones de chocolate Creations Caja Roja Nestlé caja 186 g",
    "precio_unitario": "6,99 €",
    "precio_por_unidad": "(37,58 €/kg)",
    "imagen": "https://www.dia.es/product_images/295439/295439_ISO_0_ES.jpg?imwidth=392"
  },
  {
    "categoria": "",
    "nombre": "Bolas de chocolate cremositos Nestlé bolsa 147 g",
    "precio_unitario": "3,29 €",
    "precio_por_unidad": "(22,85 €/kg)",
    "imagen": "https://www.dia.es/product_images/295438/295438_ISO_0_ES.jpg?imwidth=392"
  },
  {
    "categoria": "",
    "nombre": "Bombones bestial mix Nestlé caja 187 g",
    "precio_unitario": "5,49 €",
    "precio_por_unidad": "(28,59 €/kg)",
    "imagen": "https://www.dia.es/product_images/295385/295385_ISO_0_ES.jpg?imwidth=392"
  },
  {
    "categoria": "",
    "nombre": "Surtido de chocolatinas Navidad Kinder lata 34 g",
    "precio_unitario": "2,99 €",
    "precio_por_unidad": "(87,94 €/kg)",
    "imagen": "https://www.dia.es/product_images/289502/289502_ISO_0_ES.jpg?imwidth=392"
  },
  {
    "categoria": "",
    "nombre": "Bombones surtidos Nestlé Caja Roja caja 43 g",
    "precio_unitario": "1,99 €",
    "precio_por_unidad": "(46,28 €/kg)",
    "imagen": "https://www.dia.es/product_images/289450/289450_ISO_0_ES.jpg?imwidth=392"
  },
  {
    "categoria": "",
    "nombre": "Figura de chocolate con leche Papá Noel Milka 45 g",
    "precio_unitario": "1,49 €",
    "precio_por_unidad": "(33,11 €/kg)",
    "imagen": "https://www.dia.es/product_images/288993/288993_ISO_0_ES.jpg?imwidth=392"
  },
  {
    "categoria": "",
    "nombre": "Figura de chocolate con leche reyes magos Nestlé 40 g",
    "precio_unitario": "1,49 €",
    "precio_por_unidad": "(37,25 €/kg)",
    "imagen": "https://www.dia.es/product_images/287854/287854_ISO_0_ES.jpg?imwidth=392"
  },
  {
    "categoria": "",
    "nombre": "Turrón de chocolate blanco Nestlé Jungly 229 g",
    "precio_unitario": "3,99 €",
    "precio_por_unidad": "(17,42 €/kg)",
    "imagen": "https://www.dia.es/product_images/287853/287853_ISO_0_ES.jpg?imwidth=392"
  },
  {
    "categoria": "",
    "nombre": "Mantecados de cacao La flor de Antequera caja 190 g",
    "precio_unitario": "1,20 €",
    "precio_por_unidad": "(6,32 €/kg)",
    "imagen": "https://www.dia.es/product_images/287735/287735_ISO_0_ES.jpg?imwidth=392"
  },
  {
    "categoria": "",
    "nombre": "Mantecados de limón La flor de Antequera caja 190 g",
    "precio_unitario": "1,20 €",
    "precio_por_unidad": "(6,32 €/kg)",
    "imagen": "https://www.dia.es/product_images/287734/287734_ISO_0_ES.jpg?imwidth=392"
  },
  {
    "categoria": "",
    "nombre": "Mantecados de canela La flor de Antequera caja 190 g",
    "precio_unitario": "1,20 €",
    "precio_por_unidad": "(6,32 €/kg)",
    "imagen": "https://www.dia.es/product_images/287732/287732_ISO_0_ES.jpg?imwidth=392"
  },
  {
    "categoria": "",
    "nombre": "Mantecados de almendra La flor de Antequera caja 190 g",
    "precio_unitario": "1,20 €",
    "precio_por_unidad": "(6,32 €/kg)",
    "imagen": "https://www.dia.es/product_images/287702/287702_ISO_0_ES.jpg?imwidth=392"
  },
  {
    "categoria": "",
    "nombre": "Calendario adviento reyes magos Muller&muller 75 g",
    "precio_unitario": "1,75 €",
    "precio_por_unidad": "(23,33 €/kg)",
    "imagen": "https://www.dia.es/product_images/287565/287565_ISO_0_ES.jpg?imwidth=392"
  },
  {
    "categoria": "",
    "nombre": "Surtidos dark sublime Nestlé Caja Roja caja 87 g",
    "precio_unitario": "4,75 €",
    "precio_por_unidad": "(54,60 €/kg)",
    "imagen": "https://www.dia.es/product_images/285361/285361_ISO_0_ES.jpg?imwidth=392"
  },
  {
    "categoria": "",
    "nombre": "Bombones rellenos de turrón Temptation de Dia bolsa 208 g",
    "precio_unitario": "3,75 €",
    "precio_por_unidad": "(18,03 €/kg)",
    "imagen": "https://www.dia.es/product_images/284267/284267_ISO_0_ES.jpg?imwidth=392"
  },
  {
    "categoria": "",
    "nombre": "Surtido de turrones de chocolate crujientes Dulce Noel Dia bolsa 140 g",
    "precio_unitario": "2,39 €",
    "precio_por_unidad": "(17,07 €/kg)",
    "imagen": "https://www.dia.es/product_images/284266/284266_ISO_0_ES.jpg?imwidth=392"
  },
  {
    "categoria": "",
    "nombre": "Turrón artesano de yema tostada con naranja Dulce Noel Dia caja 240 g",
    "precio_unitario": "3,99 €",
    "precio_por_unidad": "(16,63 €/kg)",
    "imagen": "https://www.dia.es/product_images/284265/284265_ISO_0_ES.jpg?imwidth=392"
  },
  {
    "categoria": "",
    "nombre": "Bombones de chocolate negro con cereza y vodka Ferrero Moncheri caja 157.5 g",
    "precio_unitario": "5,49 €",
    "precio_por_unidad": "(34,86 €/kg)",
    "imagen": "https://www.dia.es/product_images/278328/278328_ISO_0_ES.jpg?imwidth=392"
  },
  {
    "categoria": "",
    "nombre": "Mini panettone clásico El molino de Dia bolsa 100 g",
    "precio_unitario": "1,29 €",
    "precio_por_unidad": "(12,90 €/kg)",
    "imagen": "https://www.dia.es/product_images/278086/278086_ISO_0_ES.jpg?imwidth=392"
  },
  {
    "categoria": "",
    "nombre": "Turrón de chocolate con leche Nestlé Jungly 232 g",
    "precio_unitario": "3,99 €",
    "precio_por_unidad": "(17,20 €/kg)",
    "imagen": "https://www.dia.es/product_images/277572/277572_ISO_0_ES.jpg?imwidth=392"
  },
  {
    "categoria": "",
    "nombre": "Calendario de adviento Nickelodeon caja 75 g (modelos diferentes)",
    "precio_unitario": "1,99 €",
    "precio_por_unidad": "(26,53 €/kg)",
    "imagen": "https://www.dia.es/product_images/277527/277527_ISO_0_ES.jpg?imwidth=392"
  },
  {
    "categoria": "",
    "nombre": "Gominolas surtidas adorno de navidad Nickelodeon caja 20 g (modelos diferentes)",
    "precio_unitario": "1,99 €",
    "precio_por_unidad": "(99,50 €/kg)",
    "imagen": "https://www.dia.es/product_images/277523/277523_ISO_0_ES.jpg?imwidth=392"
  },
  {
    "categoria": "",
    "nombre": "Mini barritas de chocolate con leche Nickelodeon caja 100 g (modelos diferentes)",
    "precio_unitario": "1,79 €",
    "precio_por_unidad": "(17,90 €/kg)",
    "imagen": "https://www.dia.es/product_images/277522/277522_ISO_0_ES.jpg?imwidth=392"
  },
  {
    "categoria": "",
    "nombre": "Bombones coffee espresso Pocket coffee caja 225 g",
    "precio_unitario": "5,29 €",
    "precio_por_unidad": "(23,51 €/kg)",
    "imagen": "https://www.dia.es/product_images/277300/277300_ISO_0_ES.jpg?imwidth=392"
  },
  {
    "categoria": "",
    "nombre": "Surtido de chocolatinas con leche Navidad Kinder caja 76 g",
    "precio_unitario": "3,49 €",
    "precio_por_unidad": "(45,92 €/kg)",
    "imagen": "https://www.dia.es/product_images/277298/277298_ISO_0_ES.jpg?imwidth=392"
  },
  {
    "categoria": "",
    "nombre": "Bombones crocanti de chocolate y avellana Temptation de Dia caja 150 g",
    "precio_unitario": "3,59 €",
    "precio_por_unidad": "(23,93 €/kg)",
    "imagen": "https://www.dia.es/product_images/273493/273493_ISO_0_ES.jpg?imwidth=392"
  },
  {
    "categoria": "",
    "nombre": "Rocas de cacahuete y chocolate Dulce Noel Dia caja 120 g",
    "precio_unitario": "2,25 €",
    "precio_por_unidad": "(18,75 €/kg)",
    "imagen": "https://www.dia.es/product_images/273489/273489_ISO_0_ES.jpg?imwidth=392"
  },
  {
    "categoria": "",
    "nombre": "Galletas de jengibre Dulce Noel Dia caja 300 g",
    "precio_unitario": "2,59 €",
    "precio_por_unidad": "(8,63 €/kg)",
    "imagen": "https://www.dia.es/product_images/273488/273488_ISO_0_ES.jpg?imwidth=392"
  },
  {
    "categoria": "",
    "nombre": "Naranja confitada con chocolate negro Temptation de Dia caja 150 g",
    "precio_unitario": "3,35 €",
    "precio_por_unidad": "(22,33 €/kg)",
    "imagen": "https://www.dia.es/product_images/273487/273487_ISO_0_ES.jpg?imwidth=392"
  },
  {
    "categoria": "",
    "nombre": "Surtido de mini turrones Dulce Noel Dia caja 280 g",
    "precio_unitario": "4,29 €",
    "precio_por_unidad": "(15,32 €/kg)",
    "imagen": "https://www.dia.es/product_images/273484/273484_ISO_0_ES.jpg?imwidth=392"
  },
  {
    "categoria": "",
    "nombre": "Turrón de chocolate con almendras sin azúcar Dulce Noel Dia caja 175 g",
    "precio_unitario": "2,85 €",
    "precio_por_unidad": "(16,29 €/kg)",
    "imagen": "https://www.dia.es/product_images/273483/273483_ISO_0_ES.jpg?imwidth=392"
  },
  {
    "categoria": "",
    "nombre": "Turrón imperial de almendras sin azúcar Dulce Noel Dia caja 150 g",
    "precio_unitario": "2,60 €",
    "precio_por_unidad": "(17,33 €/kg)",
    "imagen": "https://www.dia.es/product_images/273482/273482_ISO_0_ES.jpg?imwidth=392"
  },
  {
    "categoria": "",
    "nombre": "Turrón de crema de almendras sin azúcar Dulce Noel Dia caja 150 g",
    "precio_unitario": "2,60 €",
    "precio_por_unidad": "(17,33 €/kg)",
    "imagen": "https://www.dia.es/product_images/273481/273481_ISO_0_ES.jpg?imwidth=392"
  },
  {
    "categoria": "",
    "nombre": "Turrón con dulce de leche Dulce Noel Dia caja 150 g",
    "precio_unitario": "2,50 €",
    "precio_por_unidad": "(16,67 €/kg)",
    "imagen": "https://www.dia.es/product_images/273480/273480_ISO_0_ES.jpg?imwidth=392"
  },
  {
    "categoria": "",
    "nombre": "Barquillo cubierto de chocolate blanco Dulce Noel Dia caja 280 g",
    "precio_unitario": "4,99 €",
    "precio_por_unidad": "(17,82 €/kg)",
    "imagen": "https://www.dia.es/product_images/273441/273441_ISO_0_ES.jpg?imwidth=392"
  },
  {
    "categoria": "",
    "nombre": "Barquillo cubierto de chocolate negro Dulce Noel Dia caja 280 g",
    "precio_unitario": "4,99 €",
    "precio_por_unidad": "(17,82 €/kg)",
    "imagen": "https://www.dia.es/product_images/273440/273440_ISO_0_ES.jpg?imwidth=392"
  },
  {
    "categoria": "",
    "nombre": "Barquillos rellenos de crema de cacao con avellanas Dulce Noel Dia lata 200 g",
    "precio_unitario": "2,99 €",
    "precio_por_unidad": "(14,95 €/kg)",
    "imagen": "https://www.dia.es/product_images/273439/273439_ISO_0_ES.jpg?imwidth=392"
  },
  {
    "categoria": "",
    "nombre": "Barquillos rellenos de crema de turrón Dulce Noel Dia lata 200 g",
    "precio_unitario": "2,99 €",
    "precio_por_unidad": "(14,95 €/kg)",
    "imagen": "https://www.dia.es/product_images/273438/273438_ISO_0_ES.jpg?imwidth=392"
  },
  {
    "categoria": "",
    "nombre": "Figura de chocolate con leche santa Kit Kat bolsa 85 g",
    "precio_unitario": "2,19 €",
    "precio_por_unidad": "(25,76 €/kg)",
    "imagen": "https://www.dia.es/product_images/267771/267771_ISO_0_ES.jpg?imwidth=392"
  },
  {
    "categoria": "",
    "nombre": "Chocolatina santa Kit Kat bolsa 29 g",
    "precio_unitario": "0,99 €",
    "precio_por_unidad": "(34,14 €/kg)",
    "imagen": "https://www.dia.es/product_images/267770/267770_ISO_0_ES.jpg?imwidth=392"
  },
  {
    "categoria": "",
    "nombre": "Surtido de chocolatinas Santa Kit Kat bolsa 132.7 g",
    "precio_unitario": "5,49 €",
    "precio_por_unidad": "(49,91 €/kg)",
    "imagen": "https://www.dia.es/product_images/267752/267752_ISO_0_ES.jpg?imwidth=392"
  },
  {
    "categoria": "",
    "nombre": "Turrón praliné de ron con pasas Dulce Noel Dia caja 150 g",
    "precio_unitario": "2,75 €",
    "precio_por_unidad": "(18,33 €/kg)",
    "imagen": "https://www.dia.es/product_images/265846/265846_ISO_0_ES.jpg?imwidth=392"
  },
  {
    "categoria": "",
    "nombre": "Turrón de fruta Dulce Noel Dia caja 150 g",
    "precio_unitario": "1,75 €",
    "precio_por_unidad": "(11,67 €/kg)",
    "imagen": "https://www.dia.es/product_images/265845/265845_ISO_0_ES.jpg?imwidth=392"
  },
  {
    "categoria": "",
    "nombre": "Turrón de coco Dulce Noel Dia caja 150 g",
    "precio_unitario": "1,15 €",
    "precio_por_unidad": "(7,67 €/kg)",
    "imagen": "https://www.dia.es/product_images/265844/265844_ISO_0_ES.jpg?imwidth=392"
  },
  {
    "categoria": "",
    "nombre": "Turrón praliné de crema catalana Dulce Noel Dia caja 150 g",
    "precio_unitario": "2,50 €",
    "precio_por_unidad": "(16,67 €/kg)",
    "imagen": "https://www.dia.es/product_images/265843/265843_ISO_0_ES.jpg?imwidth=392"
  },
  {
    "categoria": "",
    "nombre": "Turrón praliné de trufa Dulce Noel Dia caja 150 g",
    "precio_unitario": "2,50 €",
    "precio_por_unidad": "(16,67 €/kg)",
    "imagen": "https://www.dia.es/product_images/265842/265842_ISO_0_ES.jpg?imwidth=392"
  },
  {
    "categoria": "",
    "nombre": "Turrón de jijona Dulce Noel Dia caja 150 g",
    "precio_unitario": "2,19 €",
    "precio_por_unidad": "(14,60 €/kg)",
    "imagen": "https://www.dia.es/product_images/265841/265841_ISO_0_ES.jpg?imwidth=392"
  },
  {
    "categoria": "",
    "nombre": "Turrón de chocolate con leche con almendras Dulce Noel Dia caja 175 g",
    "precio_unitario": "2,50 €",
    "precio_por_unidad": "(14,29 €/kg)",
    "imagen": "https://www.dia.es/product_images/265839/265839_ISO_0_ES.jpg?imwidth=392"
  },
  {
    "categoria": "",
    "nombre": "Turrón de tres chocolates Dulce Noel Dia caja 150 g",
    "precio_unitario": "2,75 €",
    "precio_por_unidad": "(18,33 €/kg)",
    "imagen": "https://www.dia.es/product_images/265831/265831_ISO_0_ES.jpg?imwidth=392"
  },
  {
    "categoria": "",
    "nombre": "Turrón de chocolate con cacahuete frito con miel Dulce Noel Dia caja 150 g",
    "precio_unitario": "1,69 €",
    "precio_por_unidad": "(11,27 €/kg)",
    "imagen": "https://www.dia.es/product_images/264743/264743_ISO_0_ES.jpg?imwidth=392"
  },
  {
    "categoria": "",
    "nombre": "Turrón de crema de cacahuete Dulce Noel Dia caja 150 g",
    "precio_unitario": "1,19 €",
    "precio_por_unidad": "(7,93 €/kg)",
    "imagen": "https://www.dia.es/product_images/264742/264742_ISO_0_ES.jpg?imwidth=392"
  },
  {
    "categoria": "",
    "nombre": "Turrón imperial de cacahuete Dulce Noel Dia caja 150 g",
    "precio_unitario": "1,19 €",
    "precio_por_unidad": "(7,93 €/kg)",
    "imagen": "https://www.dia.es/product_images/264741/264741_ISO_0_ES.jpg?imwidth=392"
  },
  {
    "categoria": "",
    "nombre": "Turrón de yema tostada Dulce Noel Dia caja 150 g",
    "precio_unitario": "1,75 €",
    "precio_por_unidad": "(11,67 €/kg)",
    "imagen": "https://www.dia.es/product_images/264740/264740_ISO_0_ES.jpg?imwidth=392"
  },
  {
    "categoria": "",
    "nombre": "Turrón de alicante artesano Dulce Noel Dia 220 g",
    "precio_unitario": "3,99 €",
    "precio_por_unidad": "(18,14 €/kg)",
    "imagen": "https://www.dia.es/product_images/264737/264737_ISO_0_ES.jpg?imwidth=392"
  },
  {
    "categoria": "",
    "nombre": "Turrón de jijona artesano Dulce Noel Dia bolsa 240 g",
    "precio_unitario": "3,99 €",
    "precio_por_unidad": "(16,63 €/kg)",
    "imagen": "https://www.dia.es/product_images/264736/264736_ISO_0_ES.jpg?imwidth=392"
  },
  {
    "categoria": "",
    "nombre": "Turrón de chocolate negro con almendras Dulce Noel Dia caja 175 g",
    "precio_unitario": "2,50 €",
    "precio_por_unidad": "(14,29 €/kg)",
    "imagen": "https://www.dia.es/product_images/264734/264734_ISO_0_ES.jpg?imwidth=392"
  },
  {
    "categoria": "",
    "nombre": "Barritas de galleta recubiertas de chocolate Kit Kat bolsa 3 x 41.5 g",
    "precio_unitario": "2,59 €",
    "precio_por_unidad": "(20,80 €/kg)",
    "imagen": "https://www.dia.es/product_images/26137/26137_ISO_0_ES.jpg?imwidth=392"
  },
  {
    "categoria": "",
    "nombre": "Mini panettone de chocolate La hornada Dia bolsa 100 g",
    "precio_unitario": "1,29 €",
    "precio_por_unidad": "(12,90 €/kg)",
    "imagen": "https://www.dia.es/product_images/260757/260757_ISO_0_ES.jpg?imwidth=392"
  },
  {
    "categoria": "",
    "nombre": "Panettone clásico La hornada Dia bolsa 900 g",
    "precio_unitario": "4,99 €",
    "precio_por_unidad": "(5,54 €/kg)",
    "imagen": "https://www.dia.es/product_images/260753/260753_ISO_0_ES.jpg?imwidth=392"
  },
  {
    "categoria": "",
    "nombre": "Panettone de chocolate La hornada Dia bolsa 900 g",
    "precio_unitario": "4,99 €",
    "precio_por_unidad": "(5,54 €/kg)",
    "imagen": "https://www.dia.es/product_images/260752/260752_ISO_0_ES.jpg?imwidth=392"
  },
  {
    "categoria": "",
    "nombre": "Turrón de chocolate negro con arroz inflado Suchard 260 g",
    "precio_unitario": "3,99 €",
    "precio_por_unidad": "(17,35 €/kg)",
    "imagen": "https://www.dia.es/product_images/260100/260100_ISO_0_ES.jpg?imwidth=392"
  },
  {
    "categoria": "",
    "nombre": "Turrón de chocolate con arroz inflado Suchard 2 x 230 g",
    "precio_unitario": "6,99 €",
    "precio_por_unidad": "(15,20 €/kg)",
    "imagen": "https://www.dia.es/product_images/260098/260098_ISO_0_ES.jpg?imwidth=392"
  },
  {
    "categoria": "",
    "nombre": "Barritas de chocolate con leche Kinder caja 150 g",
    "precio_unitario": "2,49 €",
    "precio_por_unidad": "(16,60 €/kg)",
    "imagen": "https://www.dia.es/product_images/253602/253602_ISO_0_ES.jpg?imwidth=392"
  },
  {
    "categoria": "",
    "nombre": "Surtido de mazapanes Dulce Noel Dia caja 300 g",
    "precio_unitario": "2,99 €",
    "precio_por_unidad": "(9,97 €/kg)",
    "imagen": "https://www.dia.es/product_images/25251/25251_ISO_0_ES.jpg?imwidth=392"
  },
  {
    "categoria": "",
    "nombre": "Figura de chocolate con leche Reyes Magos Kinder 36 g",
    "precio_unitario": "1,99 €",
    "precio_por_unidad": "(55,28 €/kg)",
    "imagen": "https://www.dia.es/product_images/251850/251850_ISO_0_ES.jpg?imwidth=392"
  },
  {
    "categoria": "",
    "nombre": "Bombones de chocolate Nestlé Caja Roja caja 3 x 100 g",
    "precio_unitario": "7,98 €",
    "precio_por_unidad": "(26,60 €/kg)",
    "imagen": "https://www.dia.es/product_images/251845/251845_ISO_0_ES.jpg?imwidth=392"
  },
  {
    "categoria": "",
    "nombre": "Bastón de caramelo de navidad Midel caja 40 g",
    "precio_unitario": "1,50 €",
    "precio_por_unidad": "(37,50 €/kg)",
    "imagen": "https://www.dia.es/product_images/251795/251795_ISO_0_ES.jpg?imwidth=392"
  },
  {
    "categoria": "",
    "nombre": "Pétalos de chocolate con caramelo y sal Temptation de Dia estuche 125 g",
    "precio_unitario": "2,99 €",
    "precio_por_unidad": "(23,92 €/kg)",
    "imagen": "https://www.dia.es/product_images/249501/249501_ISO_0_ES.jpg?imwidth=392"
  },
  {
    "categoria": "",
    "nombre": "Pétalos de chocolate con leche Temptation de Dia caja 150 g",
    "precio_unitario": "2,99 €",
    "precio_por_unidad": "(19,93 €/kg)",
    "imagen": "https://www.dia.es/product_images/249495/249495_ISO_0_ES.jpg?imwidth=392"
  },
  {
    "categoria": "",
    "nombre": "Pétalos de chocolate negro Temptation de Dia caja 150 g",
    "precio_unitario": "2,99 €",
    "precio_por_unidad": "(19,93 €/kg)",
    "imagen": "https://www.dia.es/product_images/249493/249493_ISO_0_ES.jpg?imwidth=392"
  },
  {
    "categoria": "",
    "nombre": "Bombones de chocolate con leche Lindt Lindor caja 75 g",
    "precio_unitario": "3,49 €",
    "precio_por_unidad": "(46,53 €/kg)",
    "imagen": "https://www.dia.es/product_images/241830/241830_ISO_0_ES.jpg?imwidth=392"
  },
  {
    "categoria": "",
    "nombre": "Trufas al cacao puro Lacasa caja 85 g",
    "precio_unitario": "1,09 €",
    "precio_por_unidad": "(12,82 €/kg)",
    "imagen": "https://www.dia.es/product_images/241610/241610_ISO_0_ES.jpg?imwidth=392"
  },
  {
    "categoria": "",
    "nombre": "Caramelo de goma uvas de la suerte Migueláñez blister 25 g",
    "precio_unitario": "1,50 €",
    "precio_por_unidad": "(60,00 €/kg)",
    "imagen": "https://www.dia.es/product_images/240909/240909_ISO_0_ES.jpg?imwidth=392"
  },
  {
    "categoria": "",
    "nombre": "Tejas de almendra de tolosa Casa eceiza caja 70 g",
    "precio_unitario": "2,89 €",
    "precio_por_unidad": "(41,29 €/kg)",
    "imagen": "https://www.dia.es/product_images/240321/240321_ISO_0_ES.jpg?imwidth=392"
  },
  {
    "categoria": "",
    "nombre": "Bombones surtidos Nestlé Caja Roja caja 198 g",
    "precio_unitario": "6,49 €",
    "precio_por_unidad": "(32,78 €/kg)",
    "imagen": "https://www.dia.es/product_images/24020/24020_ISO_0_ES.jpg?imwidth=392"
  },
  {
    "categoria": "",
    "nombre": "Bombones surtidos Temptation de Dia caja 200 g",
    "precio_unitario": "4,95 €",
    "precio_por_unidad": "(24,75 €/kg)",
    "imagen": "https://www.dia.es/product_images/236267/236267_ISO_0_ES.jpg?imwidth=392"
  },
  {
    "categoria": "",
    "nombre": "Selección de especialidades Dulce Noel Dia bandeja 700 g",
    "precio_unitario": "5,99 €",
    "precio_por_unidad": "(8,56 €/kg)",
    "imagen": "https://www.dia.es/product_images/236265/236265_ISO_0_ES.jpg?imwidth=392"
  },
  {
    "categoria": "",
    "nombre": "Figura de chocolate con leche Papá Noel Kinder 75 g",
    "precio_unitario": "2,99 €",
    "precio_por_unidad": "(39,87 €/kg)",
    "imagen": "https://www.dia.es/product_images/227028/227028_ISO_0_ES.jpg?imwidth=392"
  },
  {
    "categoria": "",
    "nombre": "Pandoro con chocolate La hornada Dia bolsa 750 g",
    "precio_unitario": "4,99 €",
    "precio_por_unidad": "(6,65 €/kg)",
    "imagen": "https://www.dia.es/product_images/224028/224028_ISO_0_ES.jpg?imwidth=392"
  },
  {
    "categoria": "",
    "nombre": "Surtido de pastas Dulce Noel Dia lata 400 g",
    "precio_unitario": "5,79 €",
    "precio_por_unidad": "(14,48 €/kg)",
    "imagen": "https://www.dia.es/product_images/222602/222602_ISO_0_ES.jpg?imwidth=392"
  },
  {
    "categoria": "",
    "nombre": "Chocolate mints Temptation de Dia caja 165 g",
    "precio_unitario": "1,99 €",
    "precio_por_unidad": "(12,06 €/kg)",
    "imagen": "https://www.dia.es/product_images/209656/209656_ISO_0_ES.jpg?imwidth=392"
  },
  {
    "categoria": "",
    "nombre": "Polvorones Blanco bandeja 500 g",
    "precio_unitario": "4,29 €",
    "precio_por_unidad": "(8,58 €/kg)",
    "imagen": "https://www.dia.es/product_images/198818/198818_ISO_0_ES.jpg?imwidth=392"
  },
  {
    "categoria": "",
    "nombre": "Mini barritas de chocolate con leche y avellanas Kinder bolsa 108 g",
    "precio_unitario": "2,99 €",
    "precio_por_unidad": "(27,69 €/kg)",
    "imagen": "https://www.dia.es/product_images/184718/184718_ISO_0_ES.jpg?imwidth=392"
  },
  {
    "categoria": "",
    "nombre": "Bombones surtidos pack Lindt Lindor caja 600 g",
    "precio_unitario": "14,99 €",
    "precio_por_unidad": "(24,98 €/kg)",
    "imagen": "https://www.dia.es/product_images/184685/184685_ISO_0_ES.jpg?imwidth=392"
  },
  {
    "categoria": "",
    "nombre": "Turrón de chocolate con trozos de galleta oreo Suchard 260 g",
    "precio_unitario": "3,99 €",
    "precio_por_unidad": "(17,35 €/kg)",
    "imagen": "https://www.dia.es/product_images/184619/184619_ISO_0_ES.jpg?imwidth=392"
  },
  {
    "categoria": "",
    "nombre": "Turrón de chocolate con trozos de galleta oreo blanco Suchard 260 g",
    "precio_unitario": "3,99 €",
    "precio_por_unidad": "(17,35 €/kg)",
    "imagen": "https://www.dia.es/product_images/184618/184618_ISO_0_ES.jpg?imwidth=392"
  },
  {
    "categoria": "",
    "nombre": "Turrón de chocolate con almendras enteras Suchard 260 g",
    "precio_unitario": "3,99 €",
    "precio_por_unidad": "(17,35 €/kg)",
    "imagen": "https://www.dia.es/product_images/184616/184616_ISO_0_ES.jpg?imwidth=392"
  },
  {
    "categoria": "",
    "nombre": "Turrón de chocolate con arroz inflado clásico Suchard 260 g",
    "precio_unitario": "3,99 €",
    "precio_por_unidad": "(17,35 €/kg)",
    "imagen": "https://www.dia.es/product_images/184614/184614_ISO_0_ES.jpg?imwidth=392"
  },
  {
    "categoria": "",
    "nombre": "Bombones de chocolate negro con cereza y licor Ferrero Moncheri caja 157.5 g",
    "precio_unitario": "5,49 €",
    "precio_por_unidad": "(34,86 €/kg)",
    "imagen": "https://www.dia.es/product_images/173500/173500_ISO_0_ES.jpg?imwidth=392"
  },
  {
    "categoria": "",
    "nombre": "Turrón de alicante El lobo caja 150 g",
    "precio_unitario": "3,99 €",
    "precio_por_unidad": "(26,60 €/kg)",
    "imagen": "https://www.dia.es/product_images/168092/168092_ISO_0_ES.jpg?imwidth=392"
  },
  {
    "categoria": "",
    "nombre": "Turrón de Alicante El lobo caja 185 g",
    "precio_unitario": "3,99 €",
    "precio_por_unidad": "(21,57 €/kg)",
    "imagen": "https://www.dia.es/product_images/168090/168090_ISO_0_ES.jpg?imwidth=392"
  },
  {
    "categoria": "",
    "nombre": "Turrón de jijona El lobo caja 185 g",
    "precio_unitario": "3,99 €",
    "precio_por_unidad": "(21,57 €/kg)",
    "imagen": "https://www.dia.es/product_images/168089/168089_ISO_0_ES.jpg?imwidth=392"
  },
  {
    "categoria": "",
    "nombre": "Bombones collection Ferrero caja 168 g",
    "precio_unitario": "8,99 €",
    "precio_por_unidad": "(53,51 €/kg)",
    "imagen": "https://www.dia.es/product_images/146513/146513_ISO_0_ES.jpg?imwidth=392"
  },
  {
    "categoria": "",
    "nombre": "Barritas de chocolate blanco y avellanas Kinder bolsa 3 x 39 g",
    "precio_unitario": "3,29 €",
    "precio_por_unidad": "(28,12 €/kg)",
    "imagen": "https://www.dia.es/product_images/144684/144684_ISO_0_ES.jpg?imwidth=392"
  },
  {
    "categoria": "",
    "nombre": "Figuras de chocolate festive friends Kit Kat bolsa 147 g",
    "precio_unitario": "3,99 €",
    "precio_por_unidad": "(27,14 €/kg)",
    "imagen": "https://www.dia.es/product_images/144057/144057_ISO_0_ES.jpg?imwidth=392"
  },
  {
    "categoria": "",
    "nombre": "Bombones frutos del mar Temptation de Dia caja 250 g",
    "precio_unitario": "3,99 €",
    "precio_por_unidad": "(15,96 €/kg)",
    "imagen": "https://www.dia.es/product_images/137505/137505_ISO_0_ES.jpg?imwidth=392"
  },
  {
    "categoria": "",
    "nombre": "Bombones Ferrero Rocher caja 300 g",
    "precio_unitario": "9,49 €",
    "precio_por_unidad": "(31,63 €/kg)",
    "imagen": "https://www.dia.es/product_images/136921/136921_ISO_0_ES.jpg?imwidth=392"
  },
  {
    "categoria": "",
    "nombre": "Polvorón tradicional La estepeña caja 450 g",
    "precio_unitario": "5,39 €",
    "precio_por_unidad": "(11,98 €/kg)",
    "imagen": "https://www.dia.es/product_images/136828/136828_ISO_0_ES.jpg?imwidth=392"
  },
  {
    "categoria": "",
    "nombre": "Surtido de navidad La estepeña caja 850 g",
    "precio_unitario": "8,99 €",
    "precio_por_unidad": "(10,58 €/kg)",
    "imagen": "https://www.dia.es/product_images/136798/136798_ISO_0_ES.jpg?imwidth=392"
  },
  {
    "categoria": "",
    "nombre": "Surtido de especialidades de almendra La vicaria estuche 600 g",
    "precio_unitario": "5,79 €",
    "precio_por_unidad": "(9,65 €/kg)",
    "imagen": "https://www.dia.es/product_images/136669/136669_ISO_0_ES.jpg?imwidth=392"
  },
  {
    "categoria": "",
    "nombre": "Bombones Ferrero Rocher caja 200 g",
    "precio_unitario": "6,49 €",
    "precio_por_unidad": "(32,45 €/kg)",
    "imagen": "https://www.dia.es/product_images/13321/13321_ISO_0_ES.jpg?imwidth=392"
  },
  {
    "categoria": "",
    "nombre": "Huevos de chocolate relleno de leche y avellanas Kinder bolsa 125 g",
    "precio_unitario": "3,19 €",
    "precio_por_unidad": "(25,52 €/kg)",
    "imagen": "https://www.dia.es/product_images/132928/132928_ISO_0_ES.jpg?imwidth=392"
  },
  {
    "categoria": "",
    "nombre": "Hojaldrinas Hojaldrina bolsa 400 g",
    "precio_unitario": "4,75 €",
    "precio_por_unidad": "(11,88 €/kg)",
    "imagen": "https://www.dia.es/product_images/125266/125266_ISO_0_ES.jpg?imwidth=392"
  },
  {
    "categoria": "",
    "nombre": "Figura de Reyes magos de chocolate Riegelein 60 g (modelos diferentes)",
    "precio_unitario": "1,50 €",
    "precio_por_unidad": "(25,00 €/kg)",
    "imagen": "https://www.dia.es/product_images/124947/124947_ISO_0_ES.jpg?imwidth=392"
  },
  {
    "categoria": "",
    "nombre": "Huevos de chocolate con sorpresa Kinder estuche 126 g",
    "precio_unitario": "6,69 €",
    "precio_por_unidad": "(53,10 €/kg)",
    "imagen": "https://www.dia.es/product_images/124636/124636_ISO_0_ES.jpg?imwidth=392"
  },
  {
    "categoria": "",
    "nombre": "Panettone de chocolate Dulce Noel Dia caja 500 g",
    "precio_unitario": "4,29 €",
    "precio_por_unidad": "(8,58 €/kg)",
    "imagen": "https://www.dia.es/product_images/124134/124134_ISO_0_ES.jpg?imwidth=392"
  },
  {
    "categoria": "",
    "nombre": "Turrón de guirlache de aragón Lacasa caja 240 g",
    "precio_unitario": "5,49 €",
    "precio_por_unidad": "(22,88 €/kg)",
    "imagen": "https://www.dia.es/product_images/114019/114019_ISO_0_ES.jpg?imwidth=392"
  },
  {
    "categoria": "",
    "nombre": "Crema de cacao con avellanas Nutella bote 200 g",
    "precio_unitario": "2,69 €",
    "precio_por_unidad": "(13,45 €/kg)",
    "imagen": "https://www.dia.es/product_images/113078/113078_ISO_0_ES.jpg?imwidth=392"
  },
  {
    "categoria": "",
    "nombre": "Barritas de chocolate con leche y avellanas Kinder bolsa 3 x 43 g",
    "precio_unitario": "3,29 €",
    "precio_por_unidad": "(25,50 €/kg)",
    "imagen": "https://www.dia.es/product_images/107473/107473_ISO_0_ES.jpg?imwidth=392"
  },
  {
    "categoria": "",
    "nombre": "Bombones rellenos de coco y almendra Ferrero Rafaello bolsa 38 g",
    "precio_unitario": "1,50 €",
    "precio_por_unidad": "(39,47 €/kg)",
    "imagen": "https://www.dia.es/product_images/103229/103229_ISO_0_ES.jpg?imwidth=392"
  },
  {
    "categoria": "Garbanzos",
    "nombre": "Garbanzos extra Vegecampo de Dia bolsa 1 Kg",
    "precio_unitario": "2,19 €",
    "precio_por_unidad": "(2,19 €/kg)",
    "imagen": "https://www.dia.es/product_images/155/155_ISO_0_ES.jpg?imwidth=392"
  },
  {
    "categoria": "Garbanzos",
    "nombre": "Garbanzo pedrosillano Vegecampo de Dia bolsa 1 Kg",
    "precio_unitario": "1,90 €",
    "precio_por_unidad": "(1,90 €/kg)",
    "imagen": "https://www.dia.es/product_images/194830/194830_ISO_0_ES.jpg?imwidth=392"
  },
  {
    "categoria": "Garbanzos",
    "nombre": "Garbanzos cocidos extra Vegecampo de Dia frasco 400 g",
    "precio_unitario": "0,71 €",
    "precio_por_unidad": "(1,78 €/kg)",
    "imagen": "https://www.dia.es/product_images/1232/1232_ISO_0_ES.jpg?imwidth=392"
  },
  {
    "categoria": "Garbanzos",
    "nombre": "Garbanzos cocidos extra Vegecampo de Dia frasco 210 g",
    "precio_unitario": "0,65 €",
    "precio_por_unidad": "(3,10 €/kg)",
    "imagen": "https://www.dia.es/product_images/284017/284017_ISO_0_ES.jpg?imwidth=392"
  },
  {
    "categoria": "Garbanzos",
    "nombre": "Garbanzo cocido pedrosillano Vegecampo de Dia frasco 400 g",
    "precio_unitario": "1,05 €",
    "precio_por_unidad": "(2,63 €/kg)",
    "imagen": "https://www.dia.es/product_images/268896/268896_ISO_0_ES.jpg?imwidth=392"
  },
  {
    "categoria": "Garbanzos",
    "nombre": "Garbanzos cocidos Luengo frasco 400 g",
    "precio_unitario": "1,30 €",
    "precio_por_unidad": "(3,25 €/kg)",
    "imagen": "https://www.dia.es/product_images/101720/101720_ISO_0_ES.jpg?imwidth=392"
  },
  {
    "categoria": "Garbanzos",
    "nombre": "Garbanzos cocidos bajo contenido en sal Vegecampo de Dia frasco 400 g",
    "precio_unitario": "1,05 €",
    "precio_por_unidad": "(2,63 €/kg)",
    "imagen": "https://www.dia.es/product_images/222740/222740_ISO_0_ES.jpg?imwidth=392"
  },
  {
    "categoria": "Garbanzos",
    "nombre": "Garbanzos Luengo bolsa 1 Kg",
    "precio_unitario": "3,87 €",
    "precio_por_unidad": "(3,87 €/kg)",
    "imagen": "https://www.dia.es/product_images/73816/73816_ISO_0_ES.jpg?imwidth=392"
  },
  {
    "categoria": "Garbanzos",
    "nombre": "Garbanzo pedrosillano Luengo bolsa 1 Kg",
    "precio_unitario": "3,42 €",
    "precio_por_unidad": "(3,42 €/kg)",
    "imagen": "https://www.dia.es/product_images/77561/77561_ISO_0_ES.jpg?imwidth=392"
  },
  {
    "categoria": "Garbanzos",
    "nombre": "Garbanzos con verduras cocidas Luengo frasco 400 g",
    "precio_unitario": "1,45 €",
    "precio_por_unidad": "(3,63 €/kg)",
    "imagen": "https://www.dia.es/product_images/189831/189831_ISO_0_ES.jpg?imwidth=392"
  },
  {
    "categoria": "Garbanzos",
    "nombre": "Garbanzos cocidos Legumbres La Asturiana frasco 210 g",
    "precio_unitario": "1,20 €",
    "precio_por_unidad": "(5,71 €/kg)",
    "imagen": "https://www.dia.es/product_images/166948/166948_ISO_0_ES.jpg?imwidth=392"
  },
  {
    "categoria": "Garbanzos",
    "nombre": "Garbanzo cocido Legumbres La Asturiana frasco 400 g",
    "precio_unitario": "1,70 €",
    "precio_por_unidad": "(4,25 €/kg)",
    "imagen": "https://www.dia.es/product_images/47496/47496_ISO_0_ES.jpg?imwidth=392"
  },
  {
    "categoria": "Garbanzos",
    "nombre": "Garbanzo de escacena cocido Luengo frasco 400 g",
    "precio_unitario": "1,45 €",
    "precio_por_unidad": "(3,63 €/kg)",
    "imagen": "https://www.dia.es/product_images/282307/282307_ISO_0_ES.jpg?imwidth=392"
  },
  {
    "categoria": "Garbanzos",
    "nombre": "Garbanzo cocido ecológico Luengo frasco 400 g",
    "precio_unitario": "1,99 €",
    "precio_por_unidad": "(4,98 €/kg)",
    "imagen": "https://www.dia.es/product_images/275725/275725_ISO_0_ES.jpg?imwidth=392"
  },
  {
    "categoria": "Garbanzos",
    "nombre": "Garbanzos cocidos sin sal Legumbres La Asturiana frasco 400 g",
    "precio_unitario": "1,75 €",
    "precio_por_unidad": "(4,38 €/kg)",
    "imagen": "https://www.dia.es/product_images/165208/165208_ISO_0_ES.jpg?imwidth=392"
  },
  {
    "categoria": "Gaseosa",
    "nombre": "Gaseosa cero Gaseosa Dia botella 50 cl",
    "precio_unitario": "0,32 €",
    "precio_por_unidad": "(0,64 €/L)",
    "imagen": "https://www.dia.es/product_images/43891/43891_ISO_0_ES.jpg?imwidth=392"
  },
  {
    "categoria": "Gaseosa",
    "nombre": "Gaseosa cero Gaseosa Dia botella 1.5 l",
    "precio_unitario": "0,50 €",
    "precio_por_unidad": "(0,33 €/L)",
    "imagen": "https://www.dia.es/product_images/194/194_ISO_0_ES.jpg?imwidth=392"
  },
  {
    "categoria": "Gaseosa",
    "nombre": "Gaseosa La Casera botella 1.5 l",
    "precio_unitario": "1,20 €",
    "precio_por_unidad": "(0,80 €/L)",
    "imagen": "https://www.dia.es/product_images/1792/1792_ISO_0_ES.jpg?imwidth=392"
  },
  {
    "categoria": "Gaseosa",
    "nombre": "Gaseosa La Casera botella 50 cl",
    "precio_unitario": "0,85 €",
    "precio_por_unidad": "(1,70 €/L)",
    "imagen": "https://www.dia.es/product_images/56334/56334_ISO_0_ES.jpg?imwidth=392"
  },
  {
    "categoria": "Gaseosa",
    "nombre": "Gaseosa Geiser botella 1.5 l",
    "precio_unitario": "1,75 €",
    "precio_por_unidad": "(1,17 €/L)",
    "imagen": "https://www.dia.es/product_images/60099/60099_ISO_0_ES.jpg?imwidth=392"
  },
  {
    "categoria": "Gaseosa",
    "nombre": "Gaseosa en polvo edulcorado El tigre sobre 39 g",
    "precio_unitario": "0,85 €",
    "precio_por_unidad": "(21,79 €/kg)",
    "imagen": "https://www.dia.es/product_images/52667/52667_ISO_0_ES.jpg?imwidth=392"
  },
  {
    "categoria": "Lentejas",
    "nombre": "Lentejas cocidas Vegecampo de Dia frasco 400 g",
    "precio_unitario": "0,80 €",
    "precio_por_unidad": "(2,00 €/kg)",
    "imagen": "https://www.dia.es/product_images/58809/58809_ISO_0_ES.jpg?imwidth=392"
  },
  {
    "categoria": "Lentejas",
    "nombre": "Lenteja castellana Vegecampo de Dia bolsa 1 Kg",
    "precio_unitario": "1,99 €",
    "precio_por_unidad": "(1,99 €/kg)",
    "imagen": "https://www.dia.es/product_images/157/157_ISO_0_ES.jpg?imwidth=392"
  },
  {
    "categoria": "Lentejas",
    "nombre": "Lenteja roja Vegecampo de Dia bolsa 1 Kg",
    "precio_unitario": "1,93 €",
    "precio_por_unidad": "(1,93 €/kg)",
    "imagen": "https://www.dia.es/product_images/291145/291145_ISO_0_ES.jpg?imwidth=392"
  },
  {
    "categoria": "Lentejas",
    "nombre": "Lenteja pardina Luengo bolsa 500 g",
    "precio_unitario": "1,99 €",
    "precio_por_unidad": "(3,98 €/kg)",
    "imagen": "https://www.dia.es/product_images/1878/1878_ISO_0_ES.jpg?imwidth=392"
  },
  {
    "categoria": "Lentejas",
    "nombre": "Lentejas cocidas Vegecampo de Dia frasco 210 g",
    "precio_unitario": "0,70 €",
    "precio_por_unidad": "(3,33 €/kg)",
    "imagen": "https://www.dia.es/product_images/290920/290920_ISO_0_ES.jpg?imwidth=392"
  },
  {
    "categoria": "Lentejas",
    "nombre": "Lenteja pardina Luengo bolsa 1 Kg",
    "precio_unitario": "3,93 €",
    "precio_por_unidad": "(3,93 €/kg)",
    "imagen": "https://www.dia.es/product_images/189343/189343_ISO_0_ES.jpg?imwidth=392"
  },
  {
    "categoria": "Lentejas",
    "nombre": "Lenteja pardina Legumbres La Asturiana bolsa 500 g",
    "precio_unitario": "2,50 €",
    "precio_por_unidad": "(5,00 €/kg)",
    "imagen": "https://www.dia.es/product_images/50740/50740_ISO_0_ES.jpg?imwidth=392"
  },
  {
    "categoria": "Lentejas",
    "nombre": "Lenteja pardina cocida Luengo frasco 400 g",
    "precio_unitario": "1,45 €",
    "precio_por_unidad": "(3,63 €/kg)",
    "imagen": "https://www.dia.es/product_images/282306/282306_ISO_0_ES.jpg?imwidth=392"
  },
  {
    "categoria": "Lentejas",
    "nombre": "Lenteja roja pelada Luengo bolsa 400 g",
    "precio_unitario": "2,44 €",
    "precio_por_unidad": "(6,10 €/kg)",
    "imagen": "https://www.dia.es/product_images/300816/300816_ISO_0_ES.jpg?imwidth=392"
  },
  {
    "categoria": "Lentejas",
    "nombre": "Lenteja pardina Legumbres La Asturiana bolsa 1 Kg",
    "precio_unitario": "4,90 €",
    "precio_por_unidad": "(4,90 €/kg)",
    "imagen": "https://www.dia.es/product_images/38252/38252_ISO_0_ES.jpg?imwidth=392"
  },
  {
    "categoria": "Mariscos",
    "nombre": "Langostino cocido Selección de Dia bandeja 400 g",
    "precio_unitario": "3,33 €",
    "precio_por_unidad": "(8,33 €/kg)",
    "imagen": "https://www.dia.es/product_images/117788/117788_ISO_0_ES.jpg?imwidth=392"
  },
  {
    "categoria": "Mariscos",
    "nombre": "Taquitos de mar cocidos Mari Marinera de Dia bolsa 125 g",
    "precio_unitario": "2,29 €",
    "precio_por_unidad": "(18,32 €/kg)",
    "imagen": "https://www.dia.es/product_images/294392/294392_ISO_0_ES.jpg?imwidth=392"
  },
  {
    "categoria": "Mariscos",
    "nombre": "Mejillones cocidos en su jugo Aguinamar bolsa 1 Kg",
    "precio_unitario": "5,29 €",
    "precio_por_unidad": "(5,29 €/kg)",
    "imagen": "https://www.dia.es/product_images/81922/81922_ISO_0_ES.jpg?imwidth=392"
  },
  {
    "categoria": "Mariscos",
    "nombre": "Pata de pulpo cocido Mari Marinera de Dia bandeja 250 g",
    "precio_unitario": "9,79 €",
    "precio_por_unidad": "(39,16 €/kg)",
    "imagen": "https://www.dia.es/product_images/269304/269304_ISO_0_ES.jpg?imwidth=392"
  },
  {
    "categoria": "Mariscos",
    "nombre": "Potón cocido en rodajas Mari Marinera de Dia bolsa 200 g",
    "precio_unitario": "4,39 €",
    "precio_por_unidad": "(21,95 €/kg)",
    "imagen": "https://www.dia.es/product_images/294391/294391_ISO_0_ES.jpg?imwidth=392"
  },
  {
    "categoria": "Mariscos",
    "nombre": "Media ración de pulpo cocido Embumar bandeja 150 g",
    "precio_unitario": "4,99 €",
    "precio_por_unidad": "(33,27 €/kg)",
    "imagen": "https://www.dia.es/product_images/303182/303182_ISO_0_ES.jpg?imwidth=392"
  },
  {
    "categoria": "Mariscos",
    "nombre": "Mejillones en salsa de tomate Aguinamar bandeja 500 g",
    "precio_unitario": "4,49 €",
    "precio_por_unidad": "(8,98 €/kg)",
    "imagen": "https://www.dia.es/product_images/256038/256038_ISO_0_ES.jpg?imwidth=392"
  },
  {
    "categoria": "Mariscos",
    "nombre": "Gamba blanca cocida Terranova bandeja 300 g",
    "precio_unitario": "6,79 €",
    "precio_por_unidad": "(22,63 €/kg)",
    "imagen": "https://www.dia.es/product_images/117791/117791_ISO_0_ES.jpg?imwidth=392"
  },
  {
    "categoria": "Mejillones",
    "nombre": "Mejillones en escabeche Mari Marinera de Dia lata 3 x 43 g",
    "precio_unitario": "2,35 €",
    "precio_por_unidad": "(18,22 €/kg)",
    "imagen": "https://www.dia.es/product_images/50597/50597_ISO_0_ES.jpg?imwidth=392"
  },
  {
    "categoria": "Mejillones",
    "nombre": "Mejillones de Chile en escabeche picante 14/18 piezas Mari Marinera de Dia lata 69 g",
    "precio_unitario": "1,45 €",
    "precio_por_unidad": "(21,01 €/kg)",
    "imagen": "https://www.dia.es/product_images/301668/301668_ISO_0_ES.jpg?imwidth=392"
  },
  {
    "categoria": "Mejillones",
    "nombre": "Mejillones en escabeche Isabel lata 3 x 43 g",
    "precio_unitario": "3,79 €",
    "precio_por_unidad": "(29,38 €/kg)",
    "imagen": "https://www.dia.es/product_images/381/381_ISO_0_ES.jpg?imwidth=392"
  },
  {
    "categoria": "Mejillones",
    "nombre": "Mejillones en escabeche 13/18 piezas Mari Marinera de Dia lata 69 g",
    "precio_unitario": "1,85 €",
    "precio_por_unidad": "(26,81 €/kg)",
    "imagen": "https://www.dia.es/product_images/50596/50596_ISO_0_ES.jpg?imwidth=392"
  },
  {
    "categoria": "Mejillones",
    "nombre": "Mejillones en escabeche 13/18 piezas Calvo lata 69 g",
    "precio_unitario": "2,49 €",
    "precio_por_unidad": "(36,09 €/kg)",
    "imagen": "https://www.dia.es/product_images/1158/1158_ISO_0_ES.jpg?imwidth=392"
  },
  {
    "categoria": "Mejillones",
    "nombre": "Mejillones en escabeche Dani lata 97 g",
    "precio_unitario": "1,59 €",
    "precio_por_unidad": "(16,39 €/kg)",
    "imagen": "https://www.dia.es/product_images/133957/133957_ISO_0_ES.jpg?imwidth=392"
  },
  {
    "categoria": "Mejillones",
    "nombre": "Mejillones de Chile en salsa vieira 13/18 piezas Mari Marinera de Dia lata 69 g",
    "precio_unitario": "1,45 €",
    "precio_por_unidad": "(21,01 €/kg)",
    "imagen": "https://www.dia.es/product_images/301669/301669_ISO_0_ES.jpg?imwidth=392"
  },
  {
    "categoria": "Mejillones",
    "nombre": "Mejillones de Chile en escabeche 8/14 piezas Dani lata 69 g",
    "precio_unitario": "2,15 €",
    "precio_por_unidad": "(31,16 €/kg)",
    "imagen": "https://www.dia.es/product_images/119753/119753_ISO_0_ES.jpg?imwidth=392"
  },
  {
    "categoria": "Mejillones",
    "nombre": "Mejillones al natural 14/18 piezas Mari Marinera de Dia lata 69 g",
    "precio_unitario": "1,85 €",
    "precio_por_unidad": "(26,81 €/kg)",
    "imagen": "https://www.dia.es/product_images/145495/145495_ISO_0_ES.jpg?imwidth=392"
  },
  {
    "categoria": "Mejillones",
    "nombre": "Mejillones en escabeche 13/18 piezas Isabel lata 69 g",
    "precio_unitario": "2,25 €",
    "precio_por_unidad": "(32,61 €/kg)",
    "imagen": "https://www.dia.es/product_images/28245/28245_ISO_0_ES.jpg?imwidth=392"
  },
  {
    "categoria": "Mejillones",
    "nombre": "Mejillones picantes 13/18 piezas Isabel lata 69 g",
    "precio_unitario": "2,25 €",
    "precio_por_unidad": "(32,61 €/kg)",
    "imagen": "https://www.dia.es/product_images/273251/273251_ISO_0_ES.jpg?imwidth=392"
  },
  {
    "categoria": "Mejillones",
    "nombre": "Mejillones en salsa vieira 13/18 piezas Isabel lata 69 g",
    "precio_unitario": "2,25 €",
    "precio_por_unidad": "(32,61 €/kg)",
    "imagen": "https://www.dia.es/product_images/52097/52097_ISO_0_ES.jpg?imwidth=392"
  },
  {
    "categoria": "Mejillones",
    "nombre": "Mejillones en escabeche pequeños Isabel lata 69 g",
    "precio_unitario": "1,65 €",
    "precio_por_unidad": "(23,91 €/kg)",
    "imagen": "https://www.dia.es/product_images/298738/298738_ISO_0_ES.jpg?imwidth=392"
  },
  {
    "categoria": "Naranjas y mandarinas",
    "nombre": "Mandarina malla 1 Kg",
    "precio_unitario": "2,49 €",
    "precio_por_unidad": "(2,49 €/kg)",
    "imagen": "https://www.dia.es/product_images/11464/11464_ISO_0_ES.jpg?imwidth=392"
  },
  {
    "categoria": "Naranjas y mandarinas",
    "nombre": "Mandarina granel 500 g aprox.",
    "precio_unitario": "1,30 €",
    "precio_por_unidad": "(2,59 €/kg)",
    "imagen": "https://www.dia.es/product_images/84/84_ISO_0_ES.jpg?imwidth=392"
  },
  {
    "categoria": "Naranjas y mandarinas",
    "nombre": "Mandarina selección bandeja 750 g",
    "precio_unitario": "2,39 €",
    "precio_por_unidad": "(3,19 €/kg)",
    "imagen": "https://www.dia.es/product_images/257839/257839_ISO_0_ES.jpg?imwidth=392"
  },
  {
    "categoria": "Naranjas y mandarinas",
    "nombre": "Mandarina Torres Selección malla 750 g",
    "precio_unitario": "2,49 €",
    "precio_por_unidad": "(3,32 €/kg)",
    "imagen": "https://www.dia.es/product_images/206952/206952_ISO_0_ES.jpg?imwidth=392"
  },
  {
    "categoria": "Naranjas y mandarinas",
    "nombre": "Naranja selección granel 1 Kg aprox.",
    "precio_unitario": "2,99 €",
    "precio_por_unidad": "(2,99 €/kg)",
    "imagen": "https://www.dia.es/product_images/175058/175058_ISO_0_ES.jpg?imwidth=392"
  },
  {
    "categoria": "Naranjas y mandarinas",
    "nombre": "Zumo de naranja recién exprimido botella 250 ml",
    "precio_unitario": "2,49 €",
    "precio_por_unidad": "(9,96 €/L)",
    "imagen": "https://www.dia.es/product_images/176479/176479_ISO_0_ES.jpg?imwidth=392"
  },
  {
    "categoria": "Naranjas y mandarinas",
    "nombre": "Zumo de naranja recién exprimido botella 1 l",
    "precio_unitario": "5,99 €",
    "precio_por_unidad": "(5,99 €/L)",
    "imagen": "https://www.dia.es/product_images/180348/180348_ISO_0_ES.jpg?imwidth=392"
  },
  {
    "categoria": "Naranjas y mandarinas",
    "nombre": "Zumo de naranja recién exprimido botella 500 ml",
    "precio_unitario": "3,79 €",
    "precio_por_unidad": "(7,58 €/L)",
    "imagen": "https://www.dia.es/product_images/176480/176480_ISO_0_ES.jpg?imwidth=392"
  },
  {
    "categoria": "Naranjas y mandarinas",
    "nombre": "Naranja especial para zumo malla 4 Kg",
    "precio_unitario": "5,09 €",
    "precio_por_unidad": "(1,27 €/kg)",
    "imagen": "https://www.dia.es/product_images/13627/13627_ISO_0_ES.jpg?imwidth=392"
  },
  {
    "categoria": "Naranjas y mandarinas",
    "nombre": "Naranjas de mesa malla 2 Kg",
    "precio_unitario": "3,05 €",
    "precio_por_unidad": "(1,53 €/kg)",
    "imagen": "https://www.dia.es/product_images/11467/11467_ISO_0_ES.jpg?imwidth=392"
  },
  {
    "categoria": "Otras conservas de pescado",
    "nombre": "Trozos de calamar en salsa americana Lamberti lata 3 x 51 g",
    "precio_unitario": "2,00 €",
    "precio_por_unidad": "(13,07 €/kg)",
    "imagen": "https://www.dia.es/product_images/295185/295185_ISO_0_ES.jpg?imwidth=392"
  },
  {
    "categoria": "Otras conservas de pescado",
    "nombre": "Trozos de calamar en su tinta Lamberti lata 3 x 51 g",
    "precio_unitario": "2,20 €",
    "precio_por_unidad": "(14,38 €/kg)",
    "imagen": "https://www.dia.es/product_images/295186/295186_ISO_0_ES.jpg?imwidth=392"
  },
  {
    "categoria": "Otras conservas de pescado",
    "nombre": "Melva en aceite de oliva Mari Marinera de Dia lata 85 g",
    "precio_unitario": "2,13 €",
    "precio_por_unidad": "(25,06 €/kg)",
    "imagen": "https://www.dia.es/product_images/11829/11829_ISO_0_ES.jpg?imwidth=392"
  },
  {
    "categoria": "Otras conservas de pescado",
    "nombre": "Tacos de potón al ajillo Mari Marinera de Dia lata 72 g",
    "precio_unitario": "1,35 €",
    "precio_por_unidad": "(18,75 €/kg)",
    "imagen": "https://www.dia.es/product_images/275472/275472_ISO_0_ES.jpg?imwidth=392"
  },
  {
    "categoria": "Otras conservas de pescado",
    "nombre": "Zamburiña en salsa vieira Galica lata 63 g",
    "precio_unitario": "2,20 €",
    "precio_por_unidad": "(34,92 €/kg)",
    "imagen": "https://www.dia.es/product_images/293096/293096_ISO_0_ES.jpg?imwidth=392"
  },
  {
    "categoria": "Otras conservas de pescado",
    "nombre": "Maravillas de mar al ajillo Mari Marinera de Dia lata 50 g",
    "precio_unitario": "1,45 €",
    "precio_por_unidad": "(29,00 €/kg)",
    "imagen": "https://www.dia.es/product_images/89983/89983_ISO_0_ES.jpg?imwidth=392"
  },
  {
    "categoria": "Otras conservas de pescado",
    "nombre": "Ensalada milanesa de atún Al Punto Dia lata 150 g",
    "precio_unitario": "1,25 €",
    "precio_por_unidad": "(8,33 €/kg)",
    "imagen": "https://www.dia.es/product_images/44607/44607_ISO_0_ES.jpg?imwidth=392"
  },
  {
    "categoria": "Otras conservas de pescado",
    "nombre": "Almejas blancas del norte al natural Dani lata 90 g",
    "precio_unitario": "1,95 €",
    "precio_por_unidad": "(21,67 €/kg)",
    "imagen": "https://www.dia.es/product_images/286022/286022_ISO_0_ES.jpg?imwidth=392"
  },
  {
    "categoria": "Otras conservas de pescado",
    "nombre": "Calamares en su tinta Albo lata 72 g",
    "precio_unitario": "2,69 €",
    "precio_por_unidad": "(37,36 €/kg)",
    "imagen": "https://www.dia.es/product_images/147678/147678_ISO_0_ES.jpg?imwidth=392"
  },
  {
    "categoria": "Otras conservas de pescado",
    "nombre": "Ensalada mediterránea de atún Al Punto Dia lata 150 g",
    "precio_unitario": "1,25 €",
    "precio_por_unidad": "(8,33 €/kg)",
    "imagen": "https://www.dia.es/product_images/44609/44609_ISO_0_ES.jpg?imwidth=392"
  },
  {
    "categoria": "Otras conservas de pescado",
    "nombre": "Almejones al natural Mari Marinera de Dia lata 63 g",
    "precio_unitario": "1,20 €",
    "precio_por_unidad": "(19,05 €/kg)",
    "imagen": "https://www.dia.es/product_images/26914/26914_ISO_0_ES.jpg?imwidth=392"
  },
  {
    "categoria": "Otras conservas de pescado",
    "nombre": "Almejón natural Galica lata 63 g",
    "precio_unitario": "1,45 €",
    "precio_por_unidad": "(23,02 €/kg)",
    "imagen": "https://www.dia.es/product_images/289542/289542_ISO_0_ES.jpg?imwidth=392"
  },
  {
    "categoria": "Otras conservas de pescado",
    "nombre": "Ensaladilla rusa Al Punto Dia lata 160 g",
    "precio_unitario": "1,89 €",
    "precio_por_unidad": "(11,81 €/kg)",
    "imagen": "https://www.dia.es/product_images/284385/284385_ISO_0_ES.jpg?imwidth=392"
  },
  {
    "categoria": "Otras conservas de pescado",
    "nombre": "Chipirones rellenos en su tinta Lamberti lata 72 g",
    "precio_unitario": "2,45 €",
    "precio_por_unidad": "(34,03 €/kg)",
    "imagen": "https://www.dia.es/product_images/295184/295184_ISO_0_ES.jpg?imwidth=392"
  },
  {
    "categoria": "Otras conservas de pescado",
    "nombre": "Trozos de calamares en salsa americana Albo lata 72 g",
    "precio_unitario": "2,69 €",
    "precio_por_unidad": "(37,36 €/kg)",
    "imagen": "https://www.dia.es/product_images/175329/175329_ISO_0_ES.jpg?imwidth=392"
  },
  {
    "categoria": "Otras conservas de pescado",
    "nombre": "Ensalada de pasta Al Punto Dia lata 160 g",
    "precio_unitario": "1,45 €",
    "precio_por_unidad": "(9,06 €/kg)",
    "imagen": "https://www.dia.es/product_images/284383/284383_ISO_0_ES.jpg?imwidth=392"
  },
  {
    "categoria": "Otras conservas de pescado",
    "nombre": "Navajuelas al natural Mari Marinera de Dia lata 63 g",
    "precio_unitario": "2,30 €",
    "precio_por_unidad": "(36,51 €/kg)",
    "imagen": "https://www.dia.es/product_images/119960/119960_ISO_0_ES.jpg?imwidth=392"
  },
  {
    "categoria": "Otras conservas de pescado",
    "nombre": "Calamares en salsa americana Cabo de Peñas lata 3 x 59 g",
    "precio_unitario": "2,49 €",
    "precio_por_unidad": "(14,07 €/kg)",
    "imagen": "https://www.dia.es/product_images/282685/282685_ISO_0_ES.jpg?imwidth=392"
  },
  {
    "categoria": "Otras conservas de pescado",
    "nombre": "Lomos de bacalao en aceite de oliva Mari Marinera de Dia frasco 100 g",
    "precio_unitario": "3,99 €",
    "precio_por_unidad": "(39,90 €/kg)",
    "imagen": "https://www.dia.es/product_images/302894/302894_ISO_0_ES.jpg?imwidth=392"
  },
  {
    "categoria": "Otras conservas de pescado",
    "nombre": "Chipirones rellenos en su tinta Mari Marinera de Dia lata 72 g",
    "precio_unitario": "2,45 €",
    "precio_por_unidad": "(34,03 €/kg)",
    "imagen": "https://www.dia.es/product_images/72491/72491_ISO_0_ES.jpg?imwidth=392"
  },
  {
    "categoria": "Otras conservas de pescado",
    "nombre": "Potón en su tinta Mari Marinera de Dia lata 3 x 51 g",
    "precio_unitario": "2,20 €",
    "precio_por_unidad": "(14,38 €/kg)",
    "imagen": "https://www.dia.es/product_images/62631/62631_ISO_0_ES.jpg?imwidth=392"
  },
  {
    "categoria": "Otras conservas de pescado",
    "nombre": "Potón en salsa americana Mari Marinera de Dia lata 3 x 51 g",
    "precio_unitario": "2,00 €",
    "precio_por_unidad": "(13,07 €/kg)",
    "imagen": "https://www.dia.es/product_images/51264/51264_ISO_0_ES.jpg?imwidth=392"
  },
  {
    "categoria": "Otras conservas de pescado",
    "nombre": "Chipirones rellenos en salsa americana Mari Marinera de Dia lata 72 g",
    "precio_unitario": "2,45 €",
    "precio_por_unidad": "(34,03 €/kg)",
    "imagen": "https://www.dia.es/product_images/51262/51262_ISO_0_ES.jpg?imwidth=392"
  },
  {
    "categoria": "Otras conservas de pescado",
    "nombre": "Chipirones rellenos en salsa americana Lamberti lata 72 g",
    "precio_unitario": "2,45 €",
    "precio_por_unidad": "(34,03 €/kg)",
    "imagen": "https://www.dia.es/product_images/295193/295193_ISO_0_ES.jpg?imwidth=392"
  },
  {
    "categoria": "Otras conservas de pescado",
    "nombre": "Concha fina al natural Ubago lata 55 GR",
    "precio_unitario": "2,39 €",
    "precio_por_unidad": "(43,45 €/kg)",
    "imagen": "https://www.dia.es/product_images/238344/238344_ISO_0_ES.jpg?imwidth=392"
  },
  {
    "categoria": "Otras conservas de pescado",
    "nombre": "Almejas al natural Dani lata 63 g",
    "precio_unitario": "2,45 €",
    "precio_por_unidad": "(38,89 €/kg)",
    "imagen": "https://www.dia.es/product_images/167154/167154_ISO_0_ES.jpg?imwidth=392"
  },
  {
    "categoria": "Otras conservas de pescado",
    "nombre": "Zamburiñas en salsa vieira Mari Marinera de Dia lata 63 g",
    "precio_unitario": "1,95 €",
    "precio_por_unidad": "(30,00 €/kg)",
    "imagen": "https://www.dia.es/product_images/139082/139082_ISO_0_ES.jpg?imwidth=392"
  },
  {
    "categoria": "Otras conservas de pescado",
    "nombre": "Navajas al natural Cabo de Hornos lata 63 g",
    "precio_unitario": "2,59 €",
    "precio_por_unidad": "(41,11 €/kg)",
    "imagen": "https://www.dia.es/product_images/134115/134115_ISO_0_ES.jpg?imwidth=392"
  },
  {
    "categoria": "Otras conservas de pescado",
    "nombre": "Melva en aceite de oliva Ubago lata 85 GR",
    "precio_unitario": "2,85 €",
    "precio_por_unidad": "(33,53 €/kg)",
    "imagen": "https://www.dia.es/product_images/1334/1334_ISO_0_ES.jpg?imwidth=392"
  },
  {
    "categoria": "Otras conservas de pescado",
    "nombre": "Melva en aceite de girasol Ubago lata 85 g",
    "precio_unitario": "2,65 €",
    "precio_por_unidad": "(31,18 €/kg)",
    "imagen": "https://www.dia.es/product_images/10298/10298_ISO_0_ES.jpg?imwidth=392"
  },
  {
    "categoria": "Pollo",
    "nombre": "Filetes de pechuga de pollo Selección de Dia bandeja 550 g aprox.",
    "precio_unitario": "4,17 €",
    "precio_por_unidad": "(7,59 €/kg)",
    "imagen": "https://www.dia.es/product_images/21977/21977_ISO_0_ES.jpg?imwidth=392"
  },
  {
    "categoria": "Pollo",
    "nombre": "Cuartos traseros de pollo Selección de Dia bandeja 650 g aprox.",
    "precio_unitario": "1,79 €",
    "precio_por_unidad": "(2,75 €/kg)",
    "imagen": "https://www.dia.es/product_images/18036/18036_ISO_0_ES.jpg?imwidth=392"
  },
  {
    "categoria": "Pollo",
    "nombre": "Jamoncitos de pollo familiar Selección de Dia bandeja 950 g aprox.",
    "precio_unitario": "3,60 €",
    "precio_por_unidad": "(3,79 €/kg)",
    "imagen": "https://www.dia.es/product_images/4211/4211_ISO_0_ES.jpg?imwidth=392"
  },
  {
    "categoria": "Pollo",
    "nombre": "Solomillo de pollo empanado Selección de Dia bandeja 500 g aprox.",
    "precio_unitario": "3,50 €",
    "precio_por_unidad": "(6,99 €/kg)",
    "imagen": "https://www.dia.es/product_images/266078/266078_ISO_0_ES.jpg?imwidth=392"
  },
  {
    "categoria": "Pollo",
    "nombre": "Longaniza de pollo Selección de Dia bandeja 400 g",
    "precio_unitario": "2,99 €",
    "precio_por_unidad": "(7,48 €/kg)",
    "imagen": "https://www.dia.es/product_images/275700/275700_ISO_0_ES.jpg?imwidth=392"
  },
  {
    "categoria": "Pollo",
    "nombre": "Pechugas enteras de pollo Selección de Dia bandeja 600 g aprox.",
    "precio_unitario": "4,19 €",
    "precio_por_unidad": "(6,99 €/kg)",
    "imagen": "https://www.dia.es/product_images/17936/17936_ISO_0_ES.jpg?imwidth=392"
  },
  {
    "categoria": "Pollo",
    "nombre": "Alas partidas de pollo Selección de Dia bandeja 600 g aprox.",
    "precio_unitario": "3,29 €",
    "precio_por_unidad": "(5,49 €/kg)",
    "imagen": "https://www.dia.es/product_images/261367/261367_ISO_0_ES.jpg?imwidth=392"
  },
  {
    "categoria": "Pollo",
    "nombre": "Albóndigas de pollo Selección de Dia bandeja 420 g",
    "precio_unitario": "3,79 €",
    "precio_por_unidad": "(9,02 €/kg)",
    "imagen": "https://www.dia.es/product_images/297329/297329_ISO_0_ES.jpg?imwidth=392"
  },
  {
    "categoria": "Pollo",
    "nombre": "Filetes de pechuga de pollo empanada marinada Selección de Dia bandeja 350 g aprox.",
    "precio_unitario": "2,80 €",
    "precio_por_unidad": "(7,99 €/kg)",
    "imagen": "https://www.dia.es/product_images/303507/303507_ISO_0_ES.jpg?imwidth=392"
  },
  {
    "categoria": "Pollo",
    "nombre": "Pechuga de pollo entera formato familiar Selección de Dia bandeja 1.1 Kg aprox.",
    "precio_unitario": "7,03 €",
    "precio_por_unidad": "(6,39 €/kg)",
    "imagen": "https://www.dia.es/product_images/261371/261371_ISO_0_ES.jpg?imwidth=392"
  },
  {
    "categoria": "Pollo",
    "nombre": "Filetes de contramuslo de pollo Selección de Dia bandeja 500 g aprox.",
    "precio_unitario": "3,75 €",
    "precio_por_unidad": "(7,49 €/kg)",
    "imagen": "https://www.dia.es/product_images/41736/41736_ISO_0_ES.jpg?imwidth=392"
  },
  {
    "categoria": "Pollo",
    "nombre": "Solomillo de pollo Selección de Dia bandeja 400 g aprox.",
    "precio_unitario": "3,48 €",
    "precio_por_unidad": "(8,69 €/kg)",
    "imagen": "https://www.dia.es/product_images/261354/261354_ISO_0_ES.jpg?imwidth=392"
  },
  {
    "categoria": "Pollo",
    "nombre": "Filetes de pechuga de pollo corte fino Selección de Dia bandeja 450 g aprox.",
    "precio_unitario": "4,03 €",
    "precio_por_unidad": "(8,95 €/kg)",
    "imagen": "https://www.dia.es/product_images/50844/50844_ISO_0_ES.jpg?imwidth=392"
  },
  {
    "categoria": "Pollo",
    "nombre": "Medio pollo troceado formato familiar Selección de Dia bandeja 800 g aprox.",
    "precio_unitario": "3,35 €",
    "precio_por_unidad": "(4,19 €/kg)",
    "imagen": "https://www.dia.es/product_images/261388/261388_ISO_0_ES.jpg?imwidth=392"
  },
  {
    "categoria": "Pollo",
    "nombre": "Pollo entero limpio Selección de Dia bandeja 1.9 Kg aprox.",
    "precio_unitario": "6,18 €",
    "precio_por_unidad": "(3,25 €/kg)",
    "imagen": "https://www.dia.es/product_images/6423/6423_ISO_0_ES.jpg?imwidth=392"
  },
  {
    "categoria": "Pollo",
    "nombre": "Filetes de pechuga de pollo a las finas hierbas Selección de Dia bandeja 450 g aprox.",
    "precio_unitario": "3,60 €",
    "precio_por_unidad": "(7,99 €/kg)",
    "imagen": "https://www.dia.es/product_images/301043/301043_ISO_0_ES.jpg?imwidth=392"
  },
  {
    "categoria": "Pollo",
    "nombre": "Cuarto trasero de pollo formato familiar Selección de Dia bandeja 1.4 Kg aprox.",
    "precio_unitario": "4,47 €",
    "precio_por_unidad": "(3,19 €/kg)",
    "imagen": "https://www.dia.es/product_images/261369/261369_ISO_0_ES.jpg?imwidth=392"
  },
  {
    "categoria": "Pollo",
    "nombre": "Alas de pollo adobadas Selección de Dia bandeja 450 g",
    "precio_unitario": "2,79 €",
    "precio_por_unidad": "(6,20 €/kg)",
    "imagen": "https://www.dia.es/product_images/210927/210927_ISO_0_ES.jpg?imwidth=392"
  },
  {
    "categoria": "Pollo",
    "nombre": "Pollo entero para asar Selección de Dia bandeja 2 Kg",
    "precio_unitario": "7,99 €",
    "precio_por_unidad": "(4,00 €/kg)",
    "imagen": "https://www.dia.es/product_images/172789/172789_ISO_0_ES.jpg?imwidth=392"
  },
  {
    "categoria": "Pollo",
    "nombre": "Dippers de pollo al estilo americano La cocinera caja 220 g",
    "precio_unitario": "2,99 €",
    "precio_por_unidad": "(13,59 €/kg)",
    "imagen": "https://www.dia.es/product_images/304379/304379_ISO_0_ES.jpg?imwidth=392"
  },
  {
    "categoria": "Salchichas",
    "nombre": "Salchichas cocidas frankfurt Funky Frank de Dia bolsa 4 x 160 g",
    "precio_unitario": "1,75 €",
    "precio_por_unidad": "(2,73 €/kg)",
    "imagen": "https://www.dia.es/product_images/273442/273442_ISO_0_ES.jpg?imwidth=392"
  },
  {
    "categoria": "Salchichas",
    "nombre": "Salchichas cocidas frankfurt con queso Funky Frank de Dia bolsa 4 x 140 g",
    "precio_unitario": "1,68 €",
    "precio_por_unidad": "(3,00 €/kg)",
    "imagen": "https://www.dia.es/product_images/273443/273443_ISO_0_ES.jpg?imwidth=392"
  },
  {
    "categoria": "Salchichas",
    "nombre": "Salchichas frankfurt Elpozo bolsa 2 x 140 g",
    "precio_unitario": "1,00 €",
    "precio_por_unidad": "(3,57 €/kg)",
    "imagen": "https://www.dia.es/product_images/150018/150018_ISO_0_ES.jpg?imwidth=392"
  },
  {
    "categoria": "Salchichas",
    "nombre": "Salchichas cocidas frankfurt Campofrío bolsa 4 x 140 g",
    "precio_unitario": "2,25 €",
    "precio_por_unidad": "(4,02 €/kg)",
    "imagen": "https://www.dia.es/product_images/125955/125955_ISO_0_ES.jpg?imwidth=392"
  },
  {
    "categoria": "Salchichas",
    "nombre": "Salchichas cocidas Viena de pollo Funky Frank de Dia bolsa 3 x 200 g",
    "precio_unitario": "2,19 €",
    "precio_por_unidad": "(3,65 €/kg)",
    "imagen": "https://www.dia.es/product_images/283362/283362_ISO_0_ES.jpg?imwidth=392"
  },
  {
    "categoria": "Salchichas",
    "nombre": "Salchichas cocidas súper Funky Frank de Dia bolsa 350 g",
    "precio_unitario": "1,99 €",
    "precio_por_unidad": "(5,69 €/kg)",
    "imagen": "https://www.dia.es/product_images/101581/101581_ISO_0_ES.jpg?imwidth=392"
  },
  {
    "categoria": "Salchichas",
    "nombre": "Salchichas cocidas wieners Oscar mayer bolsa 200 g",
    "precio_unitario": "1,39 €",
    "precio_por_unidad": "(6,95 €/kg)",
    "imagen": "https://www.dia.es/product_images/1062/1062_ISO_0_ES.jpg?imwidth=392"
  },
  {
    "categoria": "Salchichas",
    "nombre": "Salchichas cocidas Viena con queso Funky Frank de Dia bolsa 3 x 200 g",
    "precio_unitario": "2,09 €",
    "precio_por_unidad": "(3,48 €/kg)",
    "imagen": "https://www.dia.es/product_images/283361/283361_ISO_0_ES.jpg?imwidth=392"
  },
  {
    "categoria": "Salchichas",
    "nombre": "Salchichas cocidas wieners con queso Oscar mayer bolsa 200 g",
    "precio_unitario": "1,39 €",
    "precio_por_unidad": "(6,95 €/kg)",
    "imagen": "https://www.dia.es/product_images/195181/195181_ISO_0_ES.jpg?imwidth=392"
  },
  {
    "categoria": "Salchichas",
    "nombre": "Salchichas frankfurt con queso Elpozo bolsa 2 x 140 g",
    "precio_unitario": "1,00 €",
    "precio_por_unidad": "(3,57 €/kg)",
    "imagen": "https://www.dia.es/product_images/302366/302366_ISO_0_ES.jpg?imwidth=392"
  },
  {
    "categoria": "Salchichas",
    "nombre": "Salchichas bockwurst Selección Mundial de Dia bolsa 270 g",
    "precio_unitario": "2,99 €",
    "precio_por_unidad": "(11,07 €/kg)",
    "imagen": "https://www.dia.es/product_images/294954/294954_ISO_0_ES.jpg?imwidth=392"
  },
  {
    "categoria": "Salchichas",
    "nombre": "Salchichas cocidas jumbo classic Oscar mayer bolsa 350 g",
    "precio_unitario": "2,45 €",
    "precio_por_unidad": "(7,00 €/kg)",
    "imagen": "https://www.dia.es/product_images/1306/1306_ISO_0_ES.jpg?imwidth=392"
  },
  {
    "categoria": "Salchichas",
    "nombre": "Salchiloncha estilo frankfurt Campofrío sobre 120 g",
    "precio_unitario": "1,00 €",
    "precio_por_unidad": "(8,33 €/kg)",
    "imagen": "https://www.dia.es/product_images/303731/303731_ISO_0_ES.jpg?imwidth=392"
  },
  {
    "categoria": "Salchichas",
    "nombre": "Salchichas cocidas jumbo con queso Oscar mayer bolsa 350 g",
    "precio_unitario": "2,45 €",
    "precio_por_unidad": "(7,00 €/kg)",
    "imagen": "https://www.dia.es/product_images/67436/67436_ISO_0_ES.jpg?imwidth=392"
  },
  {
    "categoria": "Salchichas",
    "nombre": "Salchichas big pavo Elpozo bolsa 3 x 200 g",
    "precio_unitario": "2,50 €",
    "precio_por_unidad": "(4,17 €/kg)",
    "imagen": "https://www.dia.es/product_images/162106/162106_ISO_0_ES.jpg?imwidth=392"
  },
  {
    "categoria": "Salchichas",
    "nombre": "Salchichas bratwurst Selección Mundial de Dia bolsa 270 g",
    "precio_unitario": "2,99 €",
    "precio_por_unidad": "(11,07 €/kg)",
    "imagen": "https://www.dia.es/product_images/294955/294955_ISO_0_ES.jpg?imwidth=392"
  },
  {
    "categoria": "Salchichas",
    "nombre": "Salchichas bockwurst Selección Mundial de Dia frasco 250 g",
    "precio_unitario": "2,69 €",
    "precio_por_unidad": "(10,76 €/kg)",
    "imagen": "https://www.dia.es/product_images/274069/274069_ISO_0_ES.jpg?imwidth=392"
  },
  {
    "categoria": "Salchichas",
    "nombre": "Salchichas cocidas Viena clásicas Funky Frank de Dia bolsa 3 x 200 g",
    "precio_unitario": "2,25 €",
    "precio_por_unidad": "(3,75 €/kg)",
    "imagen": "https://www.dia.es/product_images/283363/283363_ISO_0_ES.jpg?imwidth=392"
  },
  {
    "categoria": "Salchichas",
    "nombre": "Salchichas frankfurt de pavo Campofrío bolsa 3 x 140 g",
    "precio_unitario": "1,99 €",
    "precio_por_unidad": "(4,74 €/kg)",
    "imagen": "https://www.dia.es/product_images/288206/288206_ISO_0_ES.jpg?imwidth=392"
  },
  {
    "categoria": "Salchichas",
    "nombre": "Salchichas cocidas hot dog Elpozo King bolsa 275 g",
    "precio_unitario": "1,75 €",
    "precio_por_unidad": "(6,36 €/kg)",
    "imagen": "https://www.dia.es/product_images/275707/275707_ISO_0_ES.jpg?imwidth=392"
  },
  {
    "categoria": "Salchichas",
    "nombre": "Salchichas veganas Revolu green bolsa 170 g",
    "precio_unitario": "2,79 €",
    "precio_por_unidad": "(16,41 €/kg)",
    "imagen": "https://www.dia.es/product_images/297706/297706_ISO_0_ES.jpg?imwidth=392"
  },
  {
    "categoria": "Salchichas",
    "nombre": "Salchichas meisterhand Schara bolsa 340 g",
    "precio_unitario": "4,25 €",
    "precio_por_unidad": "(12,50 €/kg)",
    "imagen": "https://www.dia.es/product_images/287852/287852_ISO_0_ES.jpg?imwidth=392"
  },
  {
    "categoria": "Salchichas",
    "nombre": "Salchicha alemana cocktail Selección Mundial de Dia frasco 150 g",
    "precio_unitario": "2,49 €",
    "precio_por_unidad": "(16,60 €/kg)",
    "imagen": "https://www.dia.es/product_images/274070/274070_ISO_0_ES.jpg?imwidth=392"
  },
  {
    "categoria": "Salchichas",
    "nombre": "Salchichas cocidas frankfurt pikante Schara bolsa 170 g",
    "precio_unitario": "3,05 €",
    "precio_por_unidad": "(17,94 €/kg)",
    "imagen": "https://www.dia.es/product_images/181898/181898_ISO_0_ES.jpg?imwidth=392"
  },
  {
    "categoria": "Salchichas",
    "nombre": "Salchichas cocidas bockwurst Meica frasco 250 g",
    "precio_unitario": "4,99 €",
    "precio_por_unidad": "(19,96 €/kg)",
    "imagen": "https://www.dia.es/product_images/130057/130057_ISO_0_ES.jpg?imwidth=392"
  },
  {
    "categoria": "Sardinas y sardinillas",
    "nombre": "Sardinillas en aceite de oliva Mari Marinera de Dia lata 2 x 62 g",
    "precio_unitario": "1,96 €",
    "precio_por_unidad": "(15,81 €/kg)",
    "imagen": "https://www.dia.es/product_images/182509/182509_ISO_0_ES.jpg?imwidth=392"
  },
  {
    "categoria": "Sardinas y sardinillas",
    "nombre": "Sardinillas en tomate Mari Marinera de Dia lata 62 g",
    "precio_unitario": "0,89 €",
    "precio_por_unidad": "(14,35 €/kg)",
    "imagen": "https://www.dia.es/product_images/5832/5832_ISO_0_ES.jpg?imwidth=392"
  },
  {
    "categoria": "Sardinas y sardinillas",
    "nombre": "Sardinas en aceite de oliva Mari Marinera de Dia lata 85 g",
    "precio_unitario": "1,05 €",
    "precio_por_unidad": "(12,35 €/kg)",
    "imagen": "https://www.dia.es/product_images/7975/7975_ISO_0_ES.jpg?imwidth=392"
  },
  {
    "categoria": "Sardinas y sardinillas",
    "nombre": "Sardinillas en aceite de girasol Mari Marinera de Dia lata 2 x 65 g",
    "precio_unitario": "1,69 €",
    "precio_por_unidad": "(13,00 €/kg)",
    "imagen": "https://www.dia.es/product_images/129042/129042_ISO_0_ES.jpg?imwidth=392"
  },
  {
    "categoria": "Sardinas y sardinillas",
    "nombre": "Sardinillas en aceite picante Mari Marinera de Dia lata 62 g",
    "precio_unitario": "0,89 €",
    "precio_por_unidad": "(14,35 €/kg)",
    "imagen": "https://www.dia.es/product_images/17891/17891_ISO_0_ES.jpg?imwidth=392"
  },
  {
    "categoria": "Sardinas y sardinillas",
    "nombre": "Sardinas en tomate Mari Marinera de Dia lata 85 g",
    "precio_unitario": "0,85 €",
    "precio_por_unidad": "(10,00 €/kg)",
    "imagen": "https://www.dia.es/product_images/6084/6084_ISO_0_ES.jpg?imwidth=392"
  },
  {
    "categoria": "Sardinas y sardinillas",
    "nombre": "Sardinillas en escabeche Mari Marinera de Dia lata 65 g",
    "precio_unitario": "0,89 €",
    "precio_por_unidad": "(13,69 €/kg)",
    "imagen": "https://www.dia.es/product_images/5833/5833_ISO_0_ES.jpg?imwidth=392"
  },
  {
    "categoria": "Sardinas y sardinillas",
    "nombre": "Sardinas en aceite de girasol Mari Marinera de Dia lata 85 g",
    "precio_unitario": "0,85 €",
    "precio_por_unidad": "(10,00 €/kg)",
    "imagen": "https://www.dia.es/product_images/6082/6082_ISO_0_ES.jpg?imwidth=392"
  },
  {
    "categoria": "Sardinas y sardinillas",
    "nombre": "Sardinillas en aceite de oliva bajo en sal Mari Marinera de Dia lata 2 x 65 g",
    "precio_unitario": "2,05 €",
    "precio_por_unidad": "(15,77 €/kg)",
    "imagen": "https://www.dia.es/product_images/264821/264821_ISO_0_ES.jpg?imwidth=392"
  },
  {
    "categoria": "Sardinas y sardinillas",
    "nombre": "Sardinas picantonas Albo lata 85 g",
    "precio_unitario": "2,15 €",
    "precio_por_unidad": "(25,29 €/kg)",
    "imagen": "https://www.dia.es/product_images/137675/137675_ISO_0_ES.jpg?imwidth=392"
  },
  {
    "categoria": "Sardinas y sardinillas",
    "nombre": "Sardinillas en aceite de oliva bajo en sal Calvo lata 60 g",
    "precio_unitario": "1,89 €",
    "precio_por_unidad": "(31,50 €/kg)",
    "imagen": "https://www.dia.es/product_images/181199/181199_ISO_0_ES.jpg?imwidth=392"
  },
  {
    "categoria": "Sardinas y sardinillas",
    "nombre": "Sardinas en aceite de oliva Albo lata 85 g",
    "precio_unitario": "2,15 €",
    "precio_por_unidad": "(25,29 €/kg)",
    "imagen": "https://www.dia.es/product_images/137118/137118_ISO_0_ES.jpg?imwidth=392"
  },
  {
    "categoria": "Sardinas y sardinillas",
    "nombre": "Sardinillas en aceite de oliva 8/12 piezas Albo lata 82 g",
    "precio_unitario": "2,45 €",
    "precio_por_unidad": "(29,88 €/kg)",
    "imagen": "https://www.dia.es/product_images/211594/211594_ISO_0_ES.jpg?imwidth=392"
  },
  {
    "categoria": "Sardinas y sardinillas",
    "nombre": "Filetes de sardina en aceite de oliva Minerva lata 85 g",
    "precio_unitario": "3,49 €",
    "precio_por_unidad": "(41,06 €/kg)",
    "imagen": "https://www.dia.es/product_images/289586/289586_ISO_0_ES.jpg?imwidth=392"
  },
  {
    "categoria": "Sardinas y sardinillas",
    "nombre": "Sardinas en aceite de oliva Cuca lata 85 g",
    "precio_unitario": "1,95 €",
    "precio_por_unidad": "(22,94 €/kg)",
    "imagen": "https://www.dia.es/product_images/189402/189402_ISO_0_ES.jpg?imwidth=392"
  },
  {
    "categoria": "Sardinas y sardinillas",
    "nombre": "Sardinilla aceite oliva Cuca lata 63 g",
    "precio_unitario": "2,79 €",
    "precio_por_unidad": "(44,29 €/kg)",
    "imagen": "https://www.dia.es/product_images/293421/293421_ISO_0_ES.jpg?imwidth=392"
  },
  {
    "categoria": "Sardinas y sardinillas",
    "nombre": "Sardinillas en aceite de oliva Cabo de Peñas lata 62 g",
    "precio_unitario": "1,55 €",
    "precio_por_unidad": "(25,00 €/kg)",
    "imagen": "https://www.dia.es/product_images/282694/282694_ISO_0_ES.jpg?imwidth=392"
  },
  {
    "categoria": "Tomate",
    "nombre": "Tomate frito Vegecampo de Dia brik 3 x 390 g",
    "precio_unitario": "1,59 €",
    "precio_por_unidad": "(1,36 €/kg)",
    "imagen": "https://www.dia.es/product_images/128657/128657_ISO_0_ES.jpg?imwidth=392"
  },
  {
    "categoria": "Tomate",
    "nombre": "Tomate frito Vegecampo de Dia brik 3 x 215 g",
    "precio_unitario": "0,99 €",
    "precio_por_unidad": "(1,53 €/kg)",
    "imagen": "https://www.dia.es/product_images/1221/1221_ISO_0_ES.jpg?imwidth=392"
  },
  {
    "categoria": "Tomate",
    "nombre": "Tomate triturado Vegecampo de Dia lata 390 g",
    "precio_unitario": "0,65 €",
    "precio_por_unidad": "(1,67 €/kg)",
    "imagen": "https://www.dia.es/product_images/326/326_ISO_0_ES.jpg?imwidth=392"
  },
  {
    "categoria": "Tomate",
    "nombre": "Tomate triturado Vegecampo de Dia lata 780 g",
    "precio_unitario": "0,96 €",
    "precio_por_unidad": "(1,23 €/kg)",
    "imagen": "https://www.dia.es/product_images/13105/13105_ISO_0_ES.jpg?imwidth=392"
  },
  {
    "categoria": "Tomate",
    "nombre": "Tomate frito Vegecampo de Dia frasco 550 g",
    "precio_unitario": "0,95 €",
    "precio_por_unidad": "(1,73 €/kg)",
    "imagen": "https://www.dia.es/product_images/10677/10677_ISO_0_ES.jpg?imwidth=392"
  },
  {
    "categoria": "Tomate",
    "nombre": "Tomate frito casero Vegecampo de Dia frasco 350 g",
    "precio_unitario": "1,49 €",
    "precio_por_unidad": "(4,26 €/kg)",
    "imagen": "https://www.dia.es/product_images/45500/45500_ISO_0_ES.jpg?imwidth=392"
  },
  {
    "categoria": "Tomate",
    "nombre": "Tomate entero pelado Vegecampo de Dia lata 480 g",
    "precio_unitario": "1,00 €",
    "precio_por_unidad": "(2,08 €/kg)",
    "imagen": "https://www.dia.es/product_images/5616/5616_ISO_0_ES.jpg?imwidth=392"
  },
  {
    "categoria": "Tomate",
    "nombre": "Pisto con aceite de oliva Vegecampo de Dia frasco 350 g",
    "precio_unitario": "1,39 €",
    "precio_por_unidad": "(3,97 €/kg)",
    "imagen": "https://www.dia.es/product_images/111055/111055_ISO_0_ES.jpg?imwidth=392"
  },
  {
    "categoria": "Tomate",
    "nombre": "Tomate frito Orlando brik 350 g",
    "precio_unitario": "1,00 €",
    "precio_por_unidad": "(2,86 €/kg)",
    "imagen": "https://www.dia.es/product_images/114545/114545_ISO_0_ES.jpg?imwidth=392"
  },
  {
    "categoria": "Tomate",
    "nombre": "Tomate troceado Vegecampo de Dia lata 390 g",
    "precio_unitario": "0,76 €",
    "precio_por_unidad": "(1,95 €/kg)",
    "imagen": "https://www.dia.es/product_images/10687/10687_ISO_0_ES.jpg?imwidth=392"
  },
  {
    "categoria": "Tomate",
    "nombre": "Tomate frito Orlando brik 3 x 212 g",
    "precio_unitario": "1,99 €",
    "precio_por_unidad": "(3,13 €/kg)",
    "imagen": "https://www.dia.es/product_images/115525/115525_ISO_0_ES.jpg?imwidth=392"
  },
  {
    "categoria": "Tomate",
    "nombre": "Tomate frito receta tradicional Vegecampo de Dia frasco 550 g",
    "precio_unitario": "2,06 €",
    "precio_por_unidad": "(3,75 €/kg)",
    "imagen": "https://www.dia.es/product_images/280064/280064_ISO_0_ES.jpg?imwidth=392"
  },
  {
    "categoria": "Tomate",
    "nombre": "Sofrito tomate y cebolla Gallina Blanca frasco 350 g",
    "precio_unitario": "2,39 €",
    "precio_por_unidad": "(7,35 €/kg)",
    "imagen": "https://www.dia.es/product_images/85943/85943_ISO_0_ES.jpg?imwidth=392"
  },
  {
    "categoria": "Tomate",
    "nombre": "Tomate frito casero con aceite de oliva Hida lata 340 g",
    "precio_unitario": "1,54 €",
    "precio_por_unidad": "(4,53 €/kg)",
    "imagen": "https://www.dia.es/product_images/101722/101722_ISO_0_ES.jpg?imwidth=392"
  },
  {
    "categoria": "Tomate",
    "nombre": "Tomate frito Solís brik 350 g",
    "precio_unitario": "0,99 €",
    "precio_por_unidad": "(2,83 €/kg)",
    "imagen": "https://www.dia.es/product_images/78731/78731_ISO_0_ES.jpg?imwidth=392"
  },
  {
    "categoria": "Tomate",
    "nombre": "Tomate frito Solís frasco 2 x 460 g",
    "precio_unitario": "3,79 €",
    "precio_por_unidad": "(4,12 €/kg)",
    "imagen": "https://www.dia.es/product_images/129986/129986_ISO_0_ES.jpg?imwidth=392"
  },
  {
    "categoria": "Tomate",
    "nombre": "Tomate frito con aceite de oliva Vegecampo de Dia brik 390 g",
    "precio_unitario": "0,95 €",
    "precio_por_unidad": "(2,44 €/kg)",
    "imagen": "https://www.dia.es/product_images/289048/289048_ISO_0_ES.jpg?imwidth=392"
  },
  {
    "categoria": "Tomate",
    "nombre": "Tomate frito 0% azúcares añadidos Hida frasco 350 g",
    "precio_unitario": "1,65 €",
    "precio_por_unidad": "(4,71 €/kg)",
    "imagen": "https://www.dia.es/product_images/303714/303714_ISO_0_ES.jpg?imwidth=392"
  },
  {
    "categoria": "Tomate",
    "nombre": "Pisto de tomate frito con verduras Hida lata 340 g",
    "precio_unitario": "1,99 €",
    "precio_por_unidad": "(5,85 €/kg)",
    "imagen": "https://www.dia.es/product_images/188861/188861_ISO_0_ES.jpg?imwidth=392"
  },
  {
    "categoria": "Tomate",
    "nombre": "Tomate frito estilo casero Solís lata 3 x 100 g",
    "precio_unitario": "2,19 €",
    "precio_por_unidad": "(7,30 €/kg)",
    "imagen": "https://www.dia.es/product_images/113716/113716_ISO_0_ES.jpg?imwidth=392"
  },
  {
    "categoria": "Útiles del hogar, pilas, bombillas",
    "nombre": "Cerillas Flam'up caja 3 unidades",
    "precio_unitario": "0,99 €",
    "precio_por_unidad": "(0,33 €/ud)",
    "imagen": "https://www.dia.es/product_images/273674/273674_ISO_0_ES.jpg?imwidth=392"
  },
  {
    "categoria": "Útiles del hogar, pilas, bombillas",
    "nombre": "Pila alcalina aa Varta blister 4 unidades",
    "precio_unitario": "3,39 €",
    "precio_por_unidad": "(0,85 €/ud)",
    "imagen": "https://www.dia.es/product_images/108261/108261_ISO_0_ES.jpg?imwidth=392"
  },
  {
    "categoria": "Útiles del hogar, pilas, bombillas",
    "nombre": "Pila alcalina aa Cegasa blister 4 unidades",
    "precio_unitario": "3,69 €",
    "precio_por_unidad": "(0,92 €/ud)",
    "imagen": "https://www.dia.es/product_images/191356/191356_ISO_0_ES.jpg?imwidth=392"
  },
  {
    "categoria": "Útiles del hogar, pilas, bombillas",
    "nombre": "Pila alcalina aaa Varta blister 4 unidades",
    "precio_unitario": "3,39 €",
    "precio_por_unidad": "(0,85 €/ud)",
    "imagen": "https://www.dia.es/product_images/135568/135568_ISO_0_ES.jpg?imwidth=392"
  },
  {
    "categoria": "Útiles del hogar, pilas, bombillas",
    "nombre": "Mechero mini curve Flam'up blister 3 unidades",
    "precio_unitario": "2,69 €",
    "precio_por_unidad": "(2,69 €/ud)",
    "imagen": "https://www.dia.es/product_images/274066/274066_ISO_0_ES.jpg?imwidth=392"
  },
  {
    "categoria": "Útiles del hogar, pilas, bombillas",
    "nombre": "Pastillas de encendido Uni fuego caja 36 unidades",
    "precio_unitario": "1,65 €",
    "precio_por_unidad": "(0,05 €/ud)",
    "imagen": "https://www.dia.es/product_images/291310/291310_ISO_0_ES.jpg?imwidth=392"
  },
  {
    "categoria": "Útiles del hogar, pilas, bombillas",
    "nombre": "Filtro 1x4 para café Melitta caja 40 unidades",
    "precio_unitario": "2,65 €",
    "precio_por_unidad": "(0,07 €/ud)",
    "imagen": "https://www.dia.es/product_images/245467/245467_ISO_0_ES.jpg?imwidth=392"
  },
  {
    "categoria": "Útiles del hogar, pilas, bombillas",
    "nombre": "Vasos de papel kraft de 24 cl Betik 12 unidades",
    "precio_unitario": "1,99 €",
    "precio_por_unidad": "(0,17 €/ud)",
    "imagen": "https://www.dia.es/product_images/283969/283969_ISO_0_ES.jpg?imwidth=392"
  },
  {
    "categoria": "Útiles del hogar, pilas, bombillas",
    "nombre": "Pila alcalina aaa Cegasa blister 4 unidades",
    "precio_unitario": "3,69 €",
    "precio_por_unidad": "(0,92 €/ud)",
    "imagen": "https://www.dia.es/product_images/191355/191355_ISO_0_ES.jpg?imwidth=392"
  },
  {
    "categoria": "Útiles del hogar, pilas, bombillas",
    "nombre": "Pila botón cr2032 Varta blister 2 unidades",
    "precio_unitario": "3,49 €",
    "precio_por_unidad": "(1,75 €/ud)",
    "imagen": "https://www.dia.es/product_images/217453/217453_ISO_0_ES.jpg?imwidth=392"
  },
  {
    "categoria": "Útiles del hogar, pilas, bombillas",
    "nombre": "Rodillo quitapelusas Scotch brite 1 unidad",
    "precio_unitario": "2,79 €",
    "precio_por_unidad": "(2,79 €/ud)",
    "imagen": "https://www.dia.es/product_images/292412/292412_ISO_0_ES.jpg?imwidth=392"
  },
  {
    "categoria": "Útiles del hogar, pilas, bombillas",
    "nombre": "Platos de cartón redondo kraft de 22 cm Betik bolsa 20 unidades",
    "precio_unitario": "1,99 €",
    "precio_por_unidad": "(0,10 €/ud)",
    "imagen": "https://www.dia.es/product_images/283970/283970_ISO_0_ES.jpg?imwidth=392"
  },
  {
    "categoria": "Útiles del hogar, pilas, bombillas",
    "nombre": "Cañitas de papel de 4 colores Betik bolsa 48 unidades",
    "precio_unitario": "1,39 €",
    "precio_por_unidad": "(0,03 €/ud)",
    "imagen": "https://www.dia.es/product_images/284198/284198_ISO_0_ES.jpg?imwidth=392"
  },
  {
    "categoria": "Útiles del hogar, pilas, bombillas",
    "nombre": "Vasos desechables compostable de 35 cl Betik bolsa 15 unidades",
    "precio_unitario": "1,99 €",
    "precio_por_unidad": "(0,13 €/ud)",
    "imagen": "https://www.dia.es/product_images/283968/283968_ISO_0_ES.jpg?imwidth=392"
  },
  {
    "categoria": "Útiles del hogar, pilas, bombillas",
    "nombre": "Pila alcalina power aa Varta blister 4 unidades",
    "precio_unitario": "4,99 €",
    "precio_por_unidad": "(1,25 €/ud)",
    "imagen": "https://www.dia.es/product_images/152551/152551_ISO_0_ES.jpg?imwidth=392"
  },
  {
    "categoria": "Útiles del hogar, pilas, bombillas",
    "nombre": "Briqueta de carbón Los rivera bolsa 3 Kg",
    "precio_unitario": "3,69 €",
    "precio_por_unidad": "(1,23 €/kg)",
    "imagen": "https://www.dia.es/product_images/285790/285790_ISO_0_ES.jpg?imwidth=392"
  },
  {
    "categoria": "Útiles del hogar, pilas, bombillas",
    "nombre": "Pila alcalina max power aa Varta blister 4 unidades",
    "precio_unitario": "6,09 €",
    "precio_por_unidad": "(1,52 €/ud)",
    "imagen": "https://www.dia.es/product_images/152555/152555_ISO_0_ES.jpg?imwidth=392"
  },
  {
    "categoria": "Útiles del hogar, pilas, bombillas",
    "nombre": "Carbón vegetal Los rivera bolsa 3 Kg",
    "precio_unitario": "4,29 €",
    "precio_por_unidad": "(1,43 €/kg)",
    "imagen": "https://www.dia.es/product_images/249060/249060_ISO_0_ES.jpg?imwidth=392"
  },
  {
    "categoria": "Útiles del hogar, pilas, bombillas",
    "nombre": "Vasos desechables compostable de 1 lt Betik bolsa 10 unidades",
    "precio_unitario": "3,25 €",
    "precio_por_unidad": "(0,33 €/ud)",
    "imagen": "https://www.dia.es/product_images/284197/284197_ISO_0_ES.jpg?imwidth=392"
  },
  {
    "categoria": "Verduras, hortalizas y salteados",
    "nombre": "Mezcla de pimientos Vegecampo de Dia bolsa 400 g",
    "precio_unitario": "1,00 €",
    "precio_por_unidad": "(2,50 €/kg)",
    "imagen": "https://www.dia.es/product_images/283127/283127_ISO_0_ES.jpg?imwidth=392"
  },
  {
    "categoria": "Verduras, hortalizas y salteados",
    "nombre": "Cebolla troceada Vegecampo de Dia bolsa 400 g",
    "precio_unitario": "0,91 €",
    "precio_por_unidad": "(2,28 €/kg)",
    "imagen": "https://www.dia.es/product_images/51713/51713_ISO_0_ES.jpg?imwidth=392"
  },
  {
    "categoria": "Verduras, hortalizas y salteados",
    "nombre": "Arroz tres delicias Al Punto Dia bolsa 850 g",
    "precio_unitario": "2,42 €",
    "precio_por_unidad": "(2,85 €/kg)",
    "imagen": "https://www.dia.es/product_images/267141/267141_ISO_0_ES.jpg?imwidth=392"
  },
  {
    "categoria": "Verduras, hortalizas y salteados",
    "nombre": "Brócoli Vegecampo de Dia bolsa 900 g",
    "precio_unitario": "1,88 €",
    "precio_por_unidad": "(2,09 €/kg)",
    "imagen": "https://www.dia.es/product_images/264185/264185_ISO_0_ES.jpg?imwidth=392"
  },
  {
    "categoria": "Verduras, hortalizas y salteados",
    "nombre": "Guisantes Vegecampo de Dia bolsa 1 Kg",
    "precio_unitario": "1,62 €",
    "precio_por_unidad": "(1,62 €/kg)",
    "imagen": "https://www.dia.es/product_images/263266/263266_ISO_0_ES.jpg?imwidth=392"
  },
  {
    "categoria": "Verduras, hortalizas y salteados",
    "nombre": "Braseado de verduras con pollo asado Al Punto Dia bolsa 400 g",
    "precio_unitario": "1,89 €",
    "precio_por_unidad": "(4,73 €/kg)",
    "imagen": "https://www.dia.es/product_images/267138/267138_ISO_0_ES.jpg?imwidth=392"
  },
  {
    "categoria": "Verduras, hortalizas y salteados",
    "nombre": "Salteado de setas Al Punto Dia bolsa 450 g",
    "precio_unitario": "1,58 €",
    "precio_por_unidad": "(3,51 €/kg)",
    "imagen": "https://www.dia.es/product_images/84650/84650_ISO_0_ES.jpg?imwidth=392"
  },
  {
    "categoria": "Verduras, hortalizas y salteados",
    "nombre": "Espinacas cortadas Vegecampo de Dia bolsa 450 g",
    "precio_unitario": "0,97 €",
    "precio_por_unidad": "(2,16 €/kg)",
    "imagen": "https://www.dia.es/product_images/263820/263820_ISO_0_ES.jpg?imwidth=392"
  },
  {
    "categoria": "Verduras, hortalizas y salteados",
    "nombre": "Judías verdes planas Vegecampo de Dia bolsa 1 Kg",
    "precio_unitario": "1,58 €",
    "precio_por_unidad": "(1,58 €/kg)",
    "imagen": "https://www.dia.es/product_images/263267/263267_ISO_0_ES.jpg?imwidth=392"
  },
  {
    "categoria": "Verduras, hortalizas y salteados",
    "nombre": "Ajo troceado Vegecampo de Dia bolsa 150 g",
    "precio_unitario": "1,01 €",
    "precio_por_unidad": "(6,73 €/kg)",
    "imagen": "https://www.dia.es/product_images/253954/253954_ISO_0_ES.jpg?imwidth=392"
  },
  {
    "categoria": "Verduras, hortalizas y salteados",
    "nombre": "Salteado de verduras Al Punto Dia bolsa 450 g",
    "precio_unitario": "1,11 €",
    "precio_por_unidad": "(2,47 €/kg)",
    "imagen": "https://www.dia.es/product_images/267132/267132_ISO_0_ES.jpg?imwidth=392"
  },
  {
    "categoria": "Verduras, hortalizas y salteados",
    "nombre": "Menestra de verduras Vegecampo de Dia bolsa 1 Kg",
    "precio_unitario": "1,72 €",
    "precio_por_unidad": "(1,72 €/kg)",
    "imagen": "https://www.dia.es/product_images/1389/1389_ISO_0_ES.jpg?imwidth=392"
  },
  {
    "categoria": "Verduras, hortalizas y salteados",
    "nombre": "Ensaladilla  Vegecampo de Dia bolsa 1 Kg",
    "precio_unitario": "1,00 €",
    "precio_por_unidad": "(1,00 €/kg)",
    "imagen": "https://www.dia.es/product_images/265078/265078_ISO_0_ES.jpg?imwidth=392"
  },
  {
    "categoria": "Verduras, hortalizas y salteados",
    "nombre": "Salteado de gambas, ajetes y espárragos verdes Al Punto Dia bolsa 400 g",
    "precio_unitario": "2,79 €",
    "precio_por_unidad": "(6,98 €/kg)",
    "imagen": "https://www.dia.es/product_images/267139/267139_ISO_0_ES.jpg?imwidth=392"
  },
  {
    "categoria": "Verduras, hortalizas y salteados",
    "nombre": "Pisto de verduras con tomate Al Punto Dia bolsa 450 g",
    "precio_unitario": "1,99 €",
    "precio_por_unidad": "(4,42 €/kg)",
    "imagen": "https://www.dia.es/product_images/267137/267137_ISO_0_ES.jpg?imwidth=392"
  },
  {
    "categoria": "Verduras, hortalizas y salteados",
    "nombre": "Brócoli, coliflor y zanahoria Vegecampo de Dia bolsa 1 Kg",
    "precio_unitario": "2,04 €",
    "precio_por_unidad": "(2,04 €/kg)",
    "imagen": "https://www.dia.es/product_images/265079/265079_ISO_0_ES.jpg?imwidth=392"
  },
  {
    "categoria": "Verduras, hortalizas y salteados",
    "nombre": "Coliflor Vegecampo de Dia bolsa 1 Kg",
    "precio_unitario": "2,09 €",
    "precio_por_unidad": "(2,09 €/kg)",
    "imagen": "https://www.dia.es/product_images/264612/264612_ISO_0_ES.jpg?imwidth=392"
  },
  {
    "categoria": "Verduras, hortalizas y salteados",
    "nombre": "Parrillada de verduras asadas Al Punto Dia bolsa 450 g",
    "precio_unitario": "1,69 €",
    "precio_por_unidad": "(3,76 €/kg)",
    "imagen": "https://www.dia.es/product_images/267133/267133_ISO_0_ES.jpg?imwidth=392"
  },
  {
    "categoria": "Verduras, hortalizas y salteados",
    "nombre": "Quinoa con verduras  Al Punto Dia bolsa 400 g",
    "precio_unitario": "1,99 €",
    "precio_por_unidad": "(4,98 €/kg)",
    "imagen": "https://www.dia.es/product_images/267140/267140_ISO_0_ES.jpg?imwidth=392"
  },
  {
    "categoria": "Verduras, hortalizas y salteados",
    "nombre": "Judías verdes redondas Vegecampo de Dia bolsa 1 Kg",
    "precio_unitario": "1,58 €",
    "precio_por_unidad": "(1,58 €/kg)",
    "imagen": "https://www.dia.es/product_images/264698/264698_ISO_0_ES.jpg?imwidth=392"
  },
  {
    "categoria": "Verduras, hortalizas y salteados",
    "nombre": "Paella de marisco Al Punto Dia bolsa 600 g",
    "precio_unitario": "2,79 €",
    "precio_por_unidad": "(4,65 €/kg)",
    "imagen": "https://www.dia.es/product_images/74340/74340_ISO_0_ES.jpg?imwidth=392"
  },
  {
    "categoria": "Verduras, hortalizas y salteados",
    "nombre": "Menestra de la huerta Findus bolsa 650 g",
    "precio_unitario": "4,99 €",
    "precio_por_unidad": "(7,68 €/kg)",
    "imagen": "https://www.dia.es/product_images/41515/41515_ISO_0_ES.jpg?imwidth=392"
  },
  {
    "categoria": "Verduras, hortalizas y salteados",
    "nombre": "Verduras para paella Vegecampo de Dia bolsa 450 g",
    "precio_unitario": "1,32 €",
    "precio_por_unidad": "(2,93 €/kg)",
    "imagen": "https://www.dia.es/product_images/30389/30389_ISO_0_ES.jpg?imwidth=392"
  },
  {
    "categoria": "Verduras, hortalizas y salteados",
    "nombre": "Verduras en tempura Cocinarte bolsa 400 g",
    "precio_unitario": "2,69 €",
    "precio_por_unidad": "(6,73 €/kg)",
    "imagen": "https://www.dia.es/product_images/300422/300422_ISO_0_ES.jpg?imwidth=392"
  },
  {
    "categoria": "Verduras, hortalizas y salteados",
    "nombre": "Risotto con setas Tutti bandeja 300 g",
    "precio_unitario": "1,99 €",
    "precio_por_unidad": "(6,63 €/kg)",
    "imagen": "https://www.dia.es/product_images/300420/300420_ISO_0_ES.jpg?imwidth=392"
  },
  {
    "categoria": "Verduras, hortalizas y salteados",
    "nombre": "Arroz de coliflor Congelados de Navarra bolsa 400 g",
    "precio_unitario": "1,48 €",
    "precio_por_unidad": "(3,70 €/kg)",
    "imagen": "https://www.dia.es/product_images/300403/300403_ISO_0_ES.jpg?imwidth=392"
  },
  {
    "categoria": "Verduras, hortalizas y salteados",
    "nombre": "Relleno para fajitas Maheso bolsa 300 g",
    "precio_unitario": "2,49 €",
    "precio_por_unidad": "(8,30 €/kg)",
    "imagen": "https://www.dia.es/product_images/299481/299481_ISO_0_ES.jpg?imwidth=392"
  },
  {
    "categoria": "Verduras, hortalizas y salteados",
    "nombre": "Pimientos rellenos de bacalao MSC Al Punto Dia bolsa 240 g",
    "precio_unitario": "2,45 €",
    "precio_por_unidad": "(10,21 €/kg)",
    "imagen": "https://www.dia.es/product_images/293405/293405_ISO_0_ES.jpg?imwidth=392"
  },
  {
    "categoria": "Verduras, hortalizas y salteados",
    "nombre": "Espárragos verdes Verleal bolsa 300 g",
    "precio_unitario": "3,33 €",
    "precio_por_unidad": "(11,10 €/kg)",
    "imagen": "https://www.dia.es/product_images/291608/291608_ISO_0_ES.jpg?imwidth=392"
  },
  {
    "categoria": "Verduras, hortalizas y salteados",
    "nombre": "Guisantes superfinos Vegecampo de Dia bolsa 300 g",
    "precio_unitario": "1,01 €",
    "precio_por_unidad": "(3,37 €/kg)",
    "imagen": "https://www.dia.es/product_images/283124/283124_ISO_0_ES.jpg?imwidth=392"
  },
  {
    "categoria": "Verduras, hortalizas y salteados",
    "nombre": "Guisantes superfinos Findus bolsa 550 g",
    "precio_unitario": "3,99 €",
    "precio_por_unidad": "(7,25 €/kg)",
    "imagen": "https://www.dia.es/product_images/276191/276191_ISO_0_ES.jpg?imwidth=392"
  },
  {
    "categoria": "Verduras, hortalizas y salteados",
    "nombre": "Judías verdes planas Findus bolsa 800 g",
    "precio_unitario": "3,99 €",
    "precio_por_unidad": "(4,99 €/kg)",
    "imagen": "https://www.dia.es/product_images/275119/275119_ISO_0_ES.jpg?imwidth=392"
  },
  {
    "categoria": "Verduras, hortalizas y salteados",
    "nombre": "Guisantes finos Findus bolsa 800 g",
    "precio_unitario": "3,99 €",
    "precio_por_unidad": "(4,99 €/kg)",
    "imagen": "https://www.dia.es/product_images/275118/275118_ISO_0_ES.jpg?imwidth=392"
  },
  {
    "categoria": "Verduras, hortalizas y salteados",
    "nombre": "Ensaladilla Findus bolsa 800 g",
    "precio_unitario": "3,99 €",
    "precio_por_unidad": "(4,99 €/kg)",
    "imagen": "https://www.dia.es/product_images/275117/275117_ISO_0_ES.jpg?imwidth=392"
  },
  {
    "categoria": "Verduras, hortalizas y salteados",
    "nombre": "Verduras para sofrito Findus bolsa 250 g",
    "precio_unitario": "2,59 €",
    "precio_por_unidad": "(10,36 €/kg)",
    "imagen": "https://www.dia.es/product_images/243337/243337_ISO_0_ES.jpg?imwidth=392"
  },
  {
    "categoria": "Verduras, hortalizas y salteados",
    "nombre": "Arroz negro con calamar y gambas Al Punto Dia bolsa 600 g",
    "precio_unitario": "2,99 €",
    "precio_por_unidad": "(4,98 €/kg)",
    "imagen": "https://www.dia.es/product_images/208640/208640_ISO_0_ES.jpg?imwidth=392"
  },
  {
    "categoria": "Verduras, hortalizas y salteados",
    "nombre": "Espinacas cortadas Findus bolsa 400 g",
    "precio_unitario": "2,49 €",
    "precio_por_unidad": "(6,23 €/kg)",
    "imagen": "https://www.dia.es/product_images/150462/150462_ISO_0_ES.jpg?imwidth=392"
  },
  {
    "categoria": "Verduras, hortalizas y salteados",
    "nombre": "Habas baby Vegecampo de Dia bolsa 400 g",
    "precio_unitario": "1,52 €",
    "precio_por_unidad": "(3,80 €/kg)",
    "imagen": "https://www.dia.es/product_images/138055/138055_ISO_0_ES.jpg?imwidth=392"
  },
  {
    "categoria": "Verduras, hortalizas y salteados",
    "nombre": "Alcachofa troceada Vegecampo de Dia bolsa 400 g",
    "precio_unitario": "2,60 €",
    "precio_por_unidad": "(6,50 €/kg)",
    "imagen": "https://www.dia.es/product_images/10242/10242_ISO_0_ES.jpg?imwidth=392"
  },
  {
    "categoria": "Gel de ducha y esponjas",
    "nombre": "Gel de ducha reparador leche de coco Fruit Revolution Imaqe de Dia botella 750 ml",
    "precio_unitario": "1,40 €",
    "precio_por_unidad": "(0,19 €/100 ML.)",
    "imagen": "https://www.dia.es/product_images/273951/273951_ISO_0_ES.jpg?imwidth=392"
  },
  {
    "categoria": "Gel de ducha y esponjas",
    "nombre": "Gel de ducha avena botella 1 l",
    "precio_unitario": "1,05 €",
    "precio_por_unidad": "(0,11 €/100 ML.)",
    "imagen": "https://www.dia.es/product_images/273851/273851_ISO_0_ES.jpg?imwidth=392"
  },
  {
    "categoria": "Gel de ducha y esponjas",
    "nombre": "Gel de ducha con glicerina clásico Imaqe de Dia botella 750 ml",
    "precio_unitario": "1,00 €",
    "precio_por_unidad": "(0,13 €/100 ML.)",
    "imagen": "https://www.dia.es/product_images/273857/273857_ISO_0_ES.jpg?imwidth=392"
  },
  {
    "categoria": "Gel de ducha y esponjas",
    "nombre": "Gel de ducha dermo protección Imaqe de Dia botella 750 ml",
    "precio_unitario": "1,00 €",
    "precio_por_unidad": "(0,13 €/100 ML.)",
    "imagen": "https://www.dia.es/product_images/273852/273852_ISO_0_ES.jpg?imwidth=392"
  },
  {
    "categoria": "Gel de ducha y esponjas",
    "nombre": "Gel de ducha tonificante termal Imaqe de Dia botella 750 ml",
    "precio_unitario": "1,00 €",
    "precio_por_unidad": "(0,13 €/100 ML.)",
    "imagen": "https://www.dia.es/product_images/273858/273858_ISO_0_ES.jpg?imwidth=392"
  },
  {
    "categoria": "Gel de ducha y esponjas",
    "nombre": "Gel de ducha Tradición con aceites esenciales Imaqe de Dia botella 750 ml",
    "precio_unitario": "1,40 €",
    "precio_por_unidad": "(0,19 €/100 ML.)",
    "imagen": "https://www.dia.es/product_images/300928/300928_ISO_0_ES.jpg?imwidth=392"
  },
  {
    "categoria": "Gel de ducha y esponjas",
    "nombre": "Gel de ducha hidratante de almendras y miel Imaqe de Dia botella 750 ml",
    "precio_unitario": "1,40 €",
    "precio_por_unidad": "(0,19 €/100 ML.)",
    "imagen": "https://www.dia.es/product_images/273855/273855_ISO_0_ES.jpg?imwidth=392"
  },
  {
    "categoria": "Gel de ducha y esponjas",
    "nombre": "Esponja de baño flor acción exfoliante Imaqe de Dia bolsa 1 unidad",
    "precio_unitario": "0,85 €",
    "precio_por_unidad": "(0,85 €/ud)",
    "imagen": "https://www.dia.es/product_images/293505/293505_ISO_0_ES.jpg?imwidth=392"
  },
  {
    "categoria": "Gel de ducha y esponjas",
    "nombre": "Esponjas de baño clásica muy suave Imaqe de Dia bolsa 2 unidades",
    "precio_unitario": "1,30 €",
    "precio_por_unidad": "(0,65 €/ud)",
    "imagen": "https://www.dia.es/product_images/293506/293506_ISO_0_ES.jpg?imwidth=392"
  },
  {
    "categoria": "Gel de ducha y esponjas",
    "nombre": "Recambio gel de ducha zero Imaqe de Dia bolsa 1 l",
    "precio_unitario": "1,59 €",
    "precio_por_unidad": "(0,16 €/100 ML.)",
    "imagen": "https://www.dia.es/product_images/273849/273849_ISO_0_ES.jpg?imwidth=392"
  },
  {
    "categoria": "Gel de ducha y esponjas",
    "nombre": "Gel íntimo Imaqe de Dia bote 500 ml",
    "precio_unitario": "1,25 €",
    "precio_por_unidad": "(0,25 €/100 ML.)",
    "imagen": "https://www.dia.es/product_images/289547/289547_ISO_0_ES.jpg?imwidth=392"
  },
  {
    "categoria": "Gel de ducha y esponjas",
    "nombre": "Gel de ducha avena Instituto Español botella 1.25 l",
    "precio_unitario": "2,45 €",
    "precio_por_unidad": "(0,20 €/100 ML.)",
    "imagen": "https://www.dia.es/product_images/188783/188783_ISO_0_ES.jpg?imwidth=392"
  },
  {
    "categoria": "Gel de ducha y esponjas",
    "nombre": "Gel de ducha aloe vera Instituto Español botella 1.25 l",
    "precio_unitario": "2,45 €",
    "precio_por_unidad": "(0,20 €/100 ML.)",
    "imagen": "https://www.dia.es/product_images/231201/231201_ISO_0_ES.jpg?imwidth=392"
  },
  {
    "categoria": "Gel de ducha y esponjas",
    "nombre": "Gel de baño Lactovit Lactourea botella 750 ml",
    "precio_unitario": "2,95 €",
    "precio_por_unidad": "(0,39 €/100 ML.)",
    "imagen": "https://www.dia.es/product_images/294086/294086_ISO_0_ES.jpg?imwidth=392"
  },
  {
    "categoria": "Gel de ducha y esponjas",
    "nombre": "Gel de ducha vainilla y macadamia Fruit Revolution Imaqe de Dia botella 750 ml",
    "precio_unitario": "1,40 €",
    "precio_por_unidad": "(0,19 €/100 ML.)",
    "imagen": "https://www.dia.es/product_images/273963/273963_ISO_0_ES.jpg?imwidth=392"
  },
  {
    "categoria": "Gel de ducha y esponjas",
    "nombre": "Gel de ducha original Dove botella 450 ml",
    "precio_unitario": "2,79 €",
    "precio_por_unidad": "(0,62 €/100 ML.)",
    "imagen": "https://www.dia.es/product_images/304303/304303_ISO_0_ES.jpg?imwidth=392"
  },
  {
    "categoria": "Gel de ducha y esponjas",
    "nombre": "Gel de ducha nutritivo con proteínas de leche Imaqe de Dia botella 1.5 l",
    "precio_unitario": "2,25 €",
    "precio_por_unidad": "(0,15 €/100 ML.)",
    "imagen": "https://www.dia.es/product_images/273850/273850_ISO_0_ES.jpg?imwidth=392"
  },
  {
    "categoria": "Gel de ducha y esponjas",
    "nombre": "Gel de baño hidratante Natural Honey botella 675 ml",
    "precio_unitario": "2,39 €",
    "precio_por_unidad": "(0,35 €/100 ML.)",
    "imagen": "https://www.dia.es/product_images/70918/70918_ISO_0_ES.jpg?imwidth=392"
  },
  {
    "categoria": "Gel de ducha y esponjas",
    "nombre": "Esponjas de baño exfoliante suave Imaqe de Dia bolsa 2 unidades",
    "precio_unitario": "1,30 €",
    "precio_por_unidad": "(0,65 €/ud)",
    "imagen": "https://www.dia.es/product_images/293507/293507_ISO_0_ES.jpg?imwidth=392"
  },
  {
    "categoria": "Gel de ducha y esponjas",
    "nombre": "Gel cuidado experto con urea para piel seca Sanex botella 600 ml",
    "precio_unitario": "3,69 €",
    "precio_por_unidad": "(0,62 €/100 ML.)",
    "imagen": "https://www.dia.es/product_images/300490/300490_ISO_0_ES.jpg?imwidth=392"
  },
  {
    "categoria": "Gel de ducha y esponjas",
    "nombre": "Gel íntimo aloe vera Carefree tubo 200 ml",
    "precio_unitario": "3,60 €",
    "precio_por_unidad": "(1,80 €/100 ML.)",
    "imagen": "https://www.dia.es/product_images/88539/88539_ISO_0_ES.jpg?imwidth=392"
  },
  {
    "categoria": "Gel de ducha y esponjas",
    "nombre": "Gel de ducha Black Remixed BZRP Axe botella 250 ml",
    "precio_unitario": "2,29 €",
    "precio_por_unidad": "(0,92 €/100 ML.)",
    "imagen": "https://www.dia.es/product_images/303583/303583_ISO_0_ES.jpg?imwidth=392"
  },
  {
    "categoria": "Gel de ducha y esponjas",
    "nombre": "Gel de ducha con flor de azahar Le petit marseillais botella 650 ml",
    "precio_unitario": "3,99 €",
    "precio_por_unidad": "(0,61 €/100 ML.)",
    "imagen": "https://www.dia.es/product_images/299027/299027_ISO_0_ES.jpg?imwidth=392"
  },
  {
    "categoria": "Gel de ducha y esponjas",
    "nombre": "Gel de ducha energy moment Natural Honey botella 600 ml",
    "precio_unitario": "2,45 €",
    "precio_por_unidad": "(0,41 €/100 ML.)",
    "imagen": "https://www.dia.es/product_images/296716/296716_ISO_0_ES.jpg?imwidth=392"
  },
  {
    "categoria": "Gel de ducha y esponjas",
    "nombre": "Gel de ducha zen moment Natural Honey botella 600 ml",
    "precio_unitario": "2,45 €",
    "precio_por_unidad": "(0,41 €/100 ML.)",
    "imagen": "https://www.dia.es/product_images/296353/296353_ISO_0_ES.jpg?imwidth=392"
  },
  {
    "categoria": "Gel de ducha y esponjas",
    "nombre": "Gel de baño nutritivo original Lactovit botella 750 ml",
    "precio_unitario": "2,95 €",
    "precio_por_unidad": "(0,39 €/100 ML.)",
    "imagen": "https://www.dia.es/product_images/294087/294087_ISO_0_ES.jpg?imwidth=392"
  },
  {
    "categoria": "Gel de ducha y esponjas",
    "nombre": "Gel de ducha prebiótico Bio Agave revitalizante Sanex botella 600 ml",
    "precio_unitario": "3,95 €",
    "precio_por_unidad": "(0,66 €/100 ML.)",
    "imagen": "https://www.dia.es/product_images/293832/293832_ISO_0_ES.jpg?imwidth=392"
  },
  {
    "categoria": "Gel de ducha y esponjas",
    "nombre": "Esponjas de baño de rizo extrasuave Imaqe de Dia bolsa 2 unidades",
    "precio_unitario": "1,30 €",
    "precio_por_unidad": "(0,65 €/ud)",
    "imagen": "https://www.dia.es/product_images/293509/293509_ISO_0_ES.jpg?imwidth=392"
  },
  {
    "categoria": "Gel de ducha y esponjas",
    "nombre": "Esponja de baño vegetal suave Imaqe de Dia bolsa 1 unidad",
    "precio_unitario": "1,40 €",
    "precio_por_unidad": "(1,40 €/ud)",
    "imagen": "https://www.dia.es/product_images/293508/293508_ISO_0_ES.jpg?imwidth=392"
  },
  {
    "categoria": "Gel de ducha y esponjas",
    "nombre": "Bomba de baño nutritiva frutos rojos Imaqe de Dia caja 100 g",
    "precio_unitario": "2,50 €",
    "precio_por_unidad": "(2,50 €/100 GR.)",
    "imagen": "https://www.dia.es/product_images/290292/290292_ISO_0_ES.jpg?imwidth=392"
  },
  {
    "categoria": "Gel de ducha y esponjas",
    "nombre": "Gel de ducha clásico Moussel botella 650 ml",
    "precio_unitario": "3,79 €",
    "precio_por_unidad": "(0,58 €/100 ML.)",
    "imagen": "https://www.dia.es/product_images/288302/288302_ISO_0_ES.jpg?imwidth=392"
  },
  {
    "categoria": "Gel de ducha y esponjas",
    "nombre": "Gel de ducha reparador Kinesia botella 750 ml",
    "precio_unitario": "2,75 €",
    "precio_por_unidad": "(0,37 €/100 ML.)",
    "imagen": "https://www.dia.es/product_images/282957/282957_ISO_0_ES.jpg?imwidth=392"
  },
  {
    "categoria": "Gel de ducha y esponjas",
    "nombre": "Gel de ducha hidratante Family Sanex Zero% botella 750 ml",
    "precio_unitario": "4,79 €",
    "precio_por_unidad": "(0,64 €/100 ML.)",
    "imagen": "https://www.dia.es/product_images/278701/278701_ISO_0_ES.jpg?imwidth=392"
  },
  {
    "categoria": "Gel de ducha y esponjas",
    "nombre": "Loción corporal Natural Honey botella 400 ml",
    "precio_unitario": "4,89 €",
    "precio_por_unidad": "(1,22 €/100 ML.)",
    "imagen": "https://www.dia.es/product_images/278685/278685_ISO_0_ES.jpg?imwidth=392"
  },
  {
    "categoria": "Gel de ducha y esponjas",
    "nombre": "Gel de ducha Hammam Aromaterapia Imaqe de Dia botella 750 ml",
    "precio_unitario": "1,60 €",
    "precio_por_unidad": "(0,21 €/100 ML.)",
    "imagen": "https://www.dia.es/product_images/273856/273856_ISO_0_ES.jpg?imwidth=392"
  },
  {
    "categoria": "Gel de ducha y esponjas",
    "nombre": "Gel de ducha antioxidante oliva Imaqe de Dia botella 750 ml",
    "precio_unitario": "1,40 €",
    "precio_por_unidad": "(0,19 €/100 ML.)",
    "imagen": "https://www.dia.es/product_images/273853/273853_ISO_0_ES.jpg?imwidth=392"
  },
  {
    "categoria": "Gel de ducha y esponjas",
    "nombre": "Gel de ducha Zero sin colorantes Imaqe de Dia botella 750 ml",
    "precio_unitario": "1,49 €",
    "precio_por_unidad": "(0,20 €/100 ML.)",
    "imagen": "https://www.dia.es/product_images/273848/273848_ISO_0_ES.jpg?imwidth=392"
  },
  {
    "categoria": "Gel de ducha y esponjas",
    "nombre": "Gel de ducha hidratante con glicerina Imaqe de Dia botella 750 ml",
    "precio_unitario": "1,40 €",
    "precio_por_unidad": "(0,19 €/100 ML.)",
    "imagen": "https://www.dia.es/product_images/273847/273847_ISO_0_ES.jpg?imwidth=392"
  },
  {
    "categoria": "Gel de ducha y esponjas",
    "nombre": "Gel de ducha hidratante con rosa y jazmín Imaqe de Dia botella 750 ml",
    "precio_unitario": "1,40 €",
    "precio_por_unidad": "(0,19 €/100 ML.)",
    "imagen": "https://www.dia.es/product_images/273846/273846_ISO_0_ES.jpg?imwidth=392"
  },
  {
    "categoria": "Gel de ducha y esponjas",
    "nombre": "Gel de ducha exfoliante albaricoque Fruit Revolution Imaqe de Dia botella 750 ml",
    "precio_unitario": "2,29 €",
    "precio_por_unidad": "(0,31 €/100 ML.)",
    "imagen": "https://www.dia.es/product_images/273845/273845_ISO_0_ES.jpg?imwidth=392"
  },
  {
    "categoria": "Gel de ducha y esponjas",
    "nombre": "Gel de ducha nutritivo prebiótico piel atópica Sanex botella 600 ml",
    "precio_unitario": "3,65 €",
    "precio_por_unidad": "(0,61 €/100 ML.)",
    "imagen": "https://www.dia.es/product_images/271017/271017_ISO_0_ES.jpg?imwidth=392"
  },
  {
    "categoria": "Gel de ducha y esponjas",
    "nombre": "Gel de ducha y champú para niños cuidado experto Sanex botella 475 ml",
    "precio_unitario": "3,59 €",
    "precio_por_unidad": "(0,76 €/100 ML.)",
    "imagen": "https://www.dia.es/product_images/271016/271016_ISO_0_ES.jpg?imwidth=392"
  },
  {
    "categoria": "Gel de ducha y esponjas",
    "nombre": "Gel de ducha y champú Spiderman botella 400 ml",
    "precio_unitario": "4,30 €",
    "precio_por_unidad": "(1,08 €/100 ML.)",
    "imagen": "https://www.dia.es/product_images/263933/263933_ISO_0_ES.jpg?imwidth=392"
  },
  {
    "categoria": "Gel de ducha y esponjas",
    "nombre": "Gel y champú dos en uno My unicorn botella 400 ml",
    "precio_unitario": "4,30 €",
    "precio_por_unidad": "(1,08 €/100 ML.)",
    "imagen": "https://www.dia.es/product_images/260723/260723_ISO_0_ES.jpg?imwidth=392"
  },
  {
    "categoria": "Gel de ducha y esponjas",
    "nombre": "Gel de ducha hidratante piel sensible Sanex Zero% botella 600 ml",
    "precio_unitario": "3,69 €",
    "precio_por_unidad": "(0,62 €/100 ML.)",
    "imagen": "https://www.dia.es/product_images/258531/258531_ISO_0_ES.jpg?imwidth=392"
  },
  {
    "categoria": "Gel de ducha y esponjas",
    "nombre": "Gel de ducha pure micelar Natural Honey botella 650 ml",
    "precio_unitario": "2,45 €",
    "precio_por_unidad": "(0,38 €/100 ML.)",
    "imagen": "https://www.dia.es/product_images/258198/258198_ISO_0_ES.jpg?imwidth=392"
  },
  {
    "categoria": "Gel de ducha y esponjas",
    "nombre": "Gel de ducha Prebiotic Micellar equilibrante Sanex Dermo botella 600 ml",
    "precio_unitario": "3,69 €",
    "precio_por_unidad": "(0,62 €/100 ML.)",
    "imagen": "https://www.dia.es/product_images/251085/251085_ISO_0_ES.jpg?imwidth=392"
  },
  {
    "categoria": "Gel de ducha y esponjas",
    "nombre": "Esponja de baño infantil Suavipiel bolsa 1 unidad",
    "precio_unitario": "1,90 €",
    "precio_por_unidad": "(1,90 €/ud)",
    "imagen": "https://www.dia.es/product_images/245460/245460_ISO_0_ES.jpg?imwidth=392"
  },
  {
    "categoria": "Gel de ducha y esponjas",
    "nombre": "Gel de ducha hidratante con ingredientes esenciales formato XXL Sanex Zero% botella 850 ml",
    "precio_unitario": "3,90 €",
    "precio_por_unidad": "(0,46 €/100 ML.)",
    "imagen": "https://www.dia.es/product_images/244521/244521_ISO_0_ES.jpg?imwidth=392"
  },
  {
    "categoria": "Gel de ducha y esponjas",
    "nombre": "Gel de ducha piel muy seca cuidado experto formato XXL Sanex botella 850 ml",
    "precio_unitario": "4,20 €",
    "precio_por_unidad": "(0,49 €/100 ML.)",
    "imagen": "https://www.dia.es/product_images/244520/244520_ISO_0_ES.jpg?imwidth=392"
  },
  {
    "categoria": "Gel de ducha y esponjas",
    "nombre": "Gel de ducha hidratante cuidado experto formato XXL Sanex botella 850 ml",
    "precio_unitario": "3,90 €",
    "precio_por_unidad": "(0,46 €/100 ML.)",
    "imagen": "https://www.dia.es/product_images/244519/244519_ISO_0_ES.jpg?imwidth=392"
  },
  {
    "categoria": "Gel de ducha y esponjas",
    "nombre": "Gel de ducha amazonia Natural Honey botella 600 ml",
    "precio_unitario": "2,45 €",
    "precio_por_unidad": "(0,41 €/100 ML.)",
    "imagen": "https://www.dia.es/product_images/244213/244213_ISO_0_ES.jpg?imwidth=392"
  },
  {
    "categoria": "Gel de ducha y esponjas",
    "nombre": "Gel de ducha coco Natural Honey botella 600 ml",
    "precio_unitario": "2,49 €",
    "precio_por_unidad": "(0,42 €/100 ML.)",
    "imagen": "https://www.dia.es/product_images/241743/241743_ISO_0_ES.jpg?imwidth=392"
  },
  {
    "categoria": "Gel de ducha y esponjas",
    "nombre": "Gel de ducha té verde Natural Honey botella 600 ml",
    "precio_unitario": "2,45 €",
    "precio_por_unidad": "(0,41 €/100 ML.)",
    "imagen": "https://www.dia.es/product_images/241742/241742_ISO_0_ES.jpg?imwidth=392"
  },
  {
    "categoria": "Gel de ducha y esponjas",
    "nombre": "Gel de ducha elixir de argán Natural Honey botella 600 ml",
    "precio_unitario": "2,49 €",
    "precio_por_unidad": "(0,42 €/100 ML.)",
    "imagen": "https://www.dia.es/product_images/241741/241741_ISO_0_ES.jpg?imwidth=392"
  },
  {
    "categoria": "Gel de ducha y esponjas",
    "nombre": "Gel de ducha relajante Hidrogenesse bote 800 ml",
    "precio_unitario": "2,39 €",
    "precio_por_unidad": "(0,30 €/100 ML.)",
    "imagen": "https://www.dia.es/product_images/238970/238970_ISO_0_ES.jpg?imwidth=392"
  },
  {
    "categoria": "Gel de ducha y esponjas",
    "nombre": "Gel de ducha recambio hidratante con ingredientes esenciales Sanex Zero% botella 950 ml",
    "precio_unitario": "3,99 €",
    "precio_por_unidad": "(0,42 €/100 ML.)",
    "imagen": "https://www.dia.es/product_images/234201/234201_ISO_0_ES.jpg?imwidth=392"
  },
  {
    "categoria": "Gel de ducha y esponjas",
    "nombre": "Gel de ducha nutritivo piel seca Sanex Zero% botella 600 ml",
    "precio_unitario": "3,69 €",
    "precio_por_unidad": "(0,62 €/100 ML.)",
    "imagen": "https://www.dia.es/product_images/234199/234199_ISO_0_ES.jpg?imwidth=392"
  },
  {
    "categoria": "Gel de ducha y esponjas",
    "nombre": "Gel de ducha antipolución Sanex Zero% botella 600 ml",
    "precio_unitario": "3,65 €",
    "precio_por_unidad": "(0,61 €/100 ML.)",
    "imagen": "https://www.dia.es/product_images/232573/232573_ISO_0_ES.jpg?imwidth=392"
  },
  {
    "categoria": "Gel de ducha y esponjas",
    "nombre": "Gel de ducha coco formato viaje Natural Honey tubo 75 ml",
    "precio_unitario": "1,30 €",
    "precio_por_unidad": "(1,73 €/100 ML.)",
    "imagen": "https://www.dia.es/product_images/228601/228601_ISO_0_ES.jpg?imwidth=392"
  },
  {
    "categoria": "Gel de ducha y esponjas",
    "nombre": "Gel de ducha leche y miel Palmolive NB botella 600 + 100 ml",
    "precio_unitario": "2,99 €",
    "precio_por_unidad": "(0,50 €/100 ML.)",
    "imagen": "https://www.dia.es/product_images/198131/198131_ISO_0_ES.jpg?imwidth=392"
  },
  {
    "categoria": "Gel de ducha y esponjas",
    "nombre": "Gel de ducha hidratante piel sensible Palmolive NB botella 600 + 100 ml",
    "precio_unitario": "2,99 €",
    "precio_por_unidad": "(0,50 €/100 ML.)",
    "imagen": "https://www.dia.es/product_images/198130/198130_ISO_0_ES.jpg?imwidth=392"
  },
  {
    "categoria": "Gel de ducha y esponjas",
    "nombre": "Gel de ducha hidratante oliva verde Palmolive NB botella 600 + 100 ml",
    "precio_unitario": "2,99 €",
    "precio_por_unidad": "(0,50 €/100 ML.)",
    "imagen": "https://www.dia.es/product_images/197476/197476_ISO_0_ES.jpg?imwidth=392"
  },
  {
    "categoria": "Gel de ducha y esponjas",
    "nombre": "Gel de ducha hidratante cuidado experto Sanex botella 600 ml",
    "precio_unitario": "3,69 €",
    "precio_por_unidad": "(0,62 €/100 ML.)",
    "imagen": "https://www.dia.es/product_images/197474/197474_ISO_0_ES.jpg?imwidth=392"
  },
  {
    "categoria": "Gel de ducha y esponjas",
    "nombre": "Gel de ducha hidratante cuidado experto Sanex botella 600 ml",
    "precio_unitario": "3,59 €",
    "precio_por_unidad": "(0,60 €/100 ML.)",
    "imagen": "https://www.dia.es/product_images/197473/197473_ISO_0_ES.jpg?imwidth=392"
  },
  {
    "categoria": "Gel de ducha y esponjas",
    "nombre": "Gel de ducha aceite piel seca cuidado experto Sanex botella 600 ml",
    "precio_unitario": "3,59 €",
    "precio_por_unidad": "(0,60 €/100 ML.)",
    "imagen": "https://www.dia.es/product_images/197353/197353_ISO_0_ES.jpg?imwidth=392"
  },
  {
    "categoria": "Gel de ducha y esponjas",
    "nombre": "Gel de ducha sal marina y aloe exfoliante Massage Palmolive NB botella 500 ml",
    "precio_unitario": "3,49 €",
    "precio_por_unidad": "(0,70 €/100 ML.)",
    "imagen": "https://www.dia.es/product_images/157055/157055_ISO_0_ES.jpg?imwidth=392"
  },
  {
    "categoria": "Gel de ducha y esponjas",
    "nombre": "Gel de ducha nutritiva almendra y leche Palmolive NB botella 600 + 100 ml",
    "precio_unitario": "2,99 €",
    "precio_por_unidad": "(0,50 €/100 ML.)",
    "imagen": "https://www.dia.es/product_images/153332/153332_ISO_0_ES.jpg?imwidth=392"
  },
  {
    "categoria": "Gel de ducha y esponjas",
    "nombre": "Gel de ducha piel muy seca cuidado experto Sanex botella 600 ml",
    "precio_unitario": "3,59 €",
    "precio_por_unidad": "(0,60 €/100 ML.)",
    "imagen": "https://www.dia.es/product_images/152811/152811_ISO_0_ES.jpg?imwidth=392"
  },
  {
    "categoria": "Gel de ducha y esponjas",
    "nombre": "Gel de ducha prebiótico piel sensible Sanex botella 600 ml",
    "precio_unitario": "3,69 €",
    "precio_por_unidad": "(0,62 €/100 ML.)",
    "imagen": "https://www.dia.es/product_images/152810/152810_ISO_0_ES.jpg?imwidth=392"
  },
  {
    "categoria": "Gel de ducha y esponjas",
    "nombre": "Relax esponja vegetal Spontex bolsa 1 unidad",
    "precio_unitario": "1,89 €",
    "precio_por_unidad": "(1,89 €/ud)",
    "imagen": "https://www.dia.es/product_images/151932/151932_ISO_0_ES.jpg?imwidth=392"
  },
  {
    "categoria": "Gel de ducha y esponjas",
    "nombre": "Gel de ducha hidratante cuidado experto Sanex botella 250 ml",
    "precio_unitario": "1,50 €",
    "precio_por_unidad": "(0,60 €/100 ML.)",
    "imagen": "https://www.dia.es/product_images/151912/151912_ISO_0_ES.jpg?imwidth=392"
  },
  {
    "categoria": "Gel de ducha y esponjas",
    "nombre": "Gel íntimo delicado formula suave Chilly bote 250 ml",
    "precio_unitario": "4,69 €",
    "precio_por_unidad": "(1,88 €/100 ML.)",
    "imagen": "https://www.dia.es/product_images/147117/147117_ISO_0_ES.jpg?imwidth=392"
  },
  {
    "categoria": "Gel de ducha y esponjas",
    "nombre": "Gel íntimo formula fresca Chilly bote 250 ml",
    "precio_unitario": "4,75 €",
    "precio_por_unidad": "(1,90 €/100 ML.)",
    "imagen": "https://www.dia.es/product_images/147116/147116_ISO_0_ES.jpg?imwidth=392"
  },
  {
    "categoria": "Gel de ducha y esponjas",
    "nombre": "Gel de ducha lavanda y ylang ylan relajante Palmolive NB botella 500 ml",
    "precio_unitario": "3,49 €",
    "precio_por_unidad": "(0,70 €/100 ML.)",
    "imagen": "https://www.dia.es/product_images/128120/128120_ISO_0_ES.jpg?imwidth=392"
  },
  {
    "categoria": "Naranja",
    "nombre": "Refresco de naranja Fanta lata 9 x 33 cl",
    "precio_unitario": "6,57 €",
    "precio_por_unidad": "(2,21 €/L)",
    "imagen": "https://www.dia.es/product_images/150102/150102_ISO_0_ES.jpg?imwidth=392"
  },
  {
    "categoria": "Naranja",
    "nombre": "Refresco de naranja Fanta botella 2 x 2 l",
    "precio_unitario": "3,50 €",
    "precio_por_unidad": "(0,88 €/L)",
    "imagen": "https://www.dia.es/product_images/66536/66536_ISO_0_ES.jpg?imwidth=392"
  },
  {
    "categoria": "Naranja",
    "nombre": "Refresco de naranja Upss Dia botella 1.5 l",
    "precio_unitario": "0,79 €",
    "precio_por_unidad": "(0,53 €/L)",
    "imagen": "https://www.dia.es/product_images/300605/300605_ISO_0_ES.jpg?imwidth=392"
  },
  {
    "categoria": "Naranja",
    "nombre": "Refresco de naranja zero azúcares Fanta botella 2 l",
    "precio_unitario": "1,79 €",
    "precio_por_unidad": "(0,90 €/L)",
    "imagen": "https://www.dia.es/product_images/103130/103130_ISO_0_ES.jpg?imwidth=392"
  },
  {
    "categoria": "Naranja",
    "nombre": "Refresco de naranja zero azúcares Fanta lata 33 cl",
    "precio_unitario": "0,75 €",
    "precio_por_unidad": "(2,27 €/L)",
    "imagen": "https://www.dia.es/product_images/13179/13179_ISO_0_ES.jpg?imwidth=392"
  },
  {
    "categoria": "Naranja",
    "nombre": "Refresco de naranja Upss Dia lata 33 cl",
    "precio_unitario": "0,35 €",
    "precio_por_unidad": "(1,06 €/L)",
    "imagen": "https://www.dia.es/product_images/43867/43867_ISO_0_ES.jpg?imwidth=392"
  },
  {
    "categoria": "Naranja",
    "nombre": "Refresco de naranja 8% zumo con gas zero Upss Dia botella 1.5 l",
    "precio_unitario": "0,75 €",
    "precio_por_unidad": "(0,50 €/L)",
    "imagen": "https://www.dia.es/product_images/300606/300606_ISO_0_ES.jpg?imwidth=392"
  },
  {
    "categoria": "Naranja",
    "nombre": "Refresco de naranja zero Upss Dia lata 33 cl",
    "precio_unitario": "0,35 €",
    "precio_por_unidad": "(1,06 €/L)",
    "imagen": "https://www.dia.es/product_images/207361/207361_ISO_0_ES.jpg?imwidth=392"
  },
  {
    "categoria": "Naranja",
    "nombre": "Refresco de naranja Fanta lata 33 cl",
    "precio_unitario": "0,75 €",
    "precio_por_unidad": "(2,27 €/L)",
    "imagen": "https://www.dia.es/product_images/687/687_ISO_0_ES.jpg?imwidth=392"
  },
  {
    "categoria": "Naranja",
    "nombre": "Refresco de naranja sin gas Upss Dia botella 1.5 l",
    "precio_unitario": "1,05 €",
    "precio_por_unidad": "(0,70 €/L)",
    "imagen": "https://www.dia.es/product_images/35488/35488_ISO_0_ES.jpg?imwidth=392"
  },
  {
    "categoria": "Naranja",
    "nombre": "Zumo de naranja Simon Life botella 1.5 l",
    "precio_unitario": "1,85 €",
    "precio_por_unidad": "(1,23 €/L)",
    "imagen": "https://www.dia.es/product_images/46425/46425_ISO_0_ES.jpg?imwidth=392"
  },
  {
    "categoria": "Naranja",
    "nombre": "Refresco de naranja sin gas Upss Dia lata 33 cl",
    "precio_unitario": "0,49 €",
    "precio_por_unidad": "(1,48 €/L)",
    "imagen": "https://www.dia.es/product_images/43868/43868_ISO_0_ES.jpg?imwidth=392"
  },
  {
    "categoria": "Naranja",
    "nombre": "Refresco de naranja Fanta botella 2 l",
    "precio_unitario": "1,79 €",
    "precio_por_unidad": "(0,90 €/L)",
    "imagen": "https://www.dia.es/product_images/685/685_ISO_0_ES.jpg?imwidth=392"
  },
  {
    "categoria": "Naranja",
    "nombre": "Refresco en polvo sabor naranja Tang bolsa 30 g",
    "precio_unitario": "0,83 €",
    "precio_por_unidad": "(27,67 €/kg)",
    "imagen": "https://www.dia.es/product_images/65305/65305_ISO_0_ES.jpg?imwidth=392"
  },
  {
    "categoria": "Naranja",
    "nombre": "Refresco de naranja zero azúcares Kas botella 2 l",
    "precio_unitario": "1,79 €",
    "precio_por_unidad": "(0,90 €/L)",
    "imagen": "https://www.dia.es/product_images/27153/27153_ISO_0_ES.jpg?imwidth=392"
  },
  {
    "categoria": "Naranja",
    "nombre": "Refresco de naranja zero azúcares Kas lata 33 cl",
    "precio_unitario": "0,70 €",
    "precio_por_unidad": "(2,12 €/L)",
    "imagen": "https://www.dia.es/product_images/12650/12650_ISO_0_ES.jpg?imwidth=392"
  },
  {
    "categoria": "Naranja",
    "nombre": "Zumo naranja exprimido sin pulpa Zumosfera de Dia botella 1 l",
    "precio_unitario": "2,00 €",
    "precio_por_unidad": "(2,00 €/L)",
    "imagen": "https://www.dia.es/product_images/109413/109413_ISO_0_ES.jpg?imwidth=392"
  },
  {
    "categoria": "Naranja",
    "nombre": "Zumo de naranja con pulpa Don Simón botella 1 l",
    "precio_unitario": "3,25 €",
    "precio_por_unidad": "(3,25 €/L)",
    "imagen": "https://www.dia.es/product_images/21543/21543_ISO_0_ES.jpg?imwidth=392"
  },
  {
    "categoria": "Naranja",
    "nombre": "Refresco naranja zero Schweppes lata 33 cl",
    "precio_unitario": "0,95 €",
    "precio_por_unidad": "(2,88 €/L)",
    "imagen": "https://www.dia.es/product_images/47587/47587_ISO_0_ES.jpg?imwidth=392"
  },
  {
    "categoria": "Naranja",
    "nombre": "Refresco de naranja Fanta botella 50 cl",
    "precio_unitario": "1,45 €",
    "precio_por_unidad": "(2,90 €/L)",
    "imagen": "https://www.dia.es/product_images/18956/18956_ISO_0_ES.jpg?imwidth=392"
  },
  {
    "categoria": "Patatas fritas",
    "nombre": "Patatas prefritas Patatas Unidas Dia bolsa 2 Kg",
    "precio_unitario": "3,21 €",
    "precio_por_unidad": "(1,61 €/kg)",
    "imagen": "https://www.dia.es/product_images/280262/280262_ISO_0_ES.jpg?imwidth=392"
  },
  {
    "categoria": "Patatas fritas",
    "nombre": "Patatas prefritas Patatas Unidas Dia bolsa 1 Kg",
    "precio_unitario": "1,83 €",
    "precio_por_unidad": "(1,83 €/kg)",
    "imagen": "https://www.dia.es/product_images/262861/262861_ISO_0_ES.jpg?imwidth=392"
  },
  {
    "categoria": "Patatas fritas",
    "nombre": "Patatas finas prefritas Patatas Unidas Dia bolsa 1 Kg",
    "precio_unitario": "1,89 €",
    "precio_por_unidad": "(1,89 €/kg)",
    "imagen": "https://www.dia.es/product_images/262863/262863_ISO_0_ES.jpg?imwidth=392"
  },
  {
    "categoria": "Patatas fritas",
    "nombre": "Patatas gajo Patatas Unidas Dia bolsa 750 g",
    "precio_unitario": "1,80 €",
    "precio_por_unidad": "(2,40 €/kg)",
    "imagen": "https://www.dia.es/product_images/262685/262685_ISO_0_ES.jpg?imwidth=392"
  },
  {
    "categoria": "Patatas fritas",
    "nombre": "Patatas fritas tradition McCain bolsa 1 Kg",
    "precio_unitario": "3,72 €",
    "precio_por_unidad": "(3,72 €/kg)",
    "imagen": "https://www.dia.es/product_images/194709/194709_ISO_0_ES.jpg?imwidth=392"
  },
  {
    "categoria": "Patatas fritas",
    "nombre": "Patatas bravas prefritas Patatas Unidas Dia bolsa 750 g",
    "precio_unitario": "1,93 €",
    "precio_por_unidad": "(2,57 €/kg)",
    "imagen": "https://www.dia.es/product_images/262686/262686_ISO_0_ES.jpg?imwidth=392"
  },
  {
    "categoria": "Patatas fritas",
    "nombre": "Patatas fritas corte fino Julienne McCain Airfryer bolsa 600 g",
    "precio_unitario": "3,39 €",
    "precio_por_unidad": "(5,65 €/kg)",
    "imagen": "https://www.dia.es/product_images/300424/300424_ISO_0_ES.jpg?imwidth=392"
  },
  {
    "categoria": "Patatas fritas",
    "nombre": "Patatas gajo barbacoa McCain bolsa 750 g",
    "precio_unitario": "3,49 €",
    "precio_por_unidad": "(4,65 €/kg)",
    "imagen": "https://www.dia.es/product_images/250786/250786_ISO_0_ES.jpg?imwidth=392"
  },
  {
    "categoria": "Patatas fritas",
    "nombre": "Patatas fritas con piel McCain Chef Gourmet bolsa 500 g",
    "precio_unitario": "3,39 €",
    "precio_por_unidad": "(6,78 €/kg)",
    "imagen": "https://www.dia.es/product_images/274411/274411_ISO_0_ES.jpg?imwidth=392"
  },
  {
    "categoria": "Patatas fritas",
    "nombre": "Patatas fritas golden long McCain bolsa 1 Kg",
    "precio_unitario": "3,87 €",
    "precio_por_unidad": "(3,87 €/kg)",
    "imagen": "https://www.dia.es/product_images/23106/23106_ISO_0_ES.jpg?imwidth=392"
  },
  {
    "categoria": "Tortitas",
    "nombre": "Tortitas de maíz Naturmundo de Dia bolsa 130 g",
    "precio_unitario": "1,25 €",
    "precio_por_unidad": "(9,62 €/kg)",
    "imagen": "https://www.dia.es/product_images/166802/166802_ISO_0_ES.jpg?imwidth=392"
  },
  {
    "categoria": "Tortitas",
    "nombre": "Mini tortitas de maíz y arroz sabor jamón Naturmundo de Dia bolsa 75 g",
    "precio_unitario": "1,39 €",
    "precio_por_unidad": "(18,53 €/kg)",
    "imagen": "https://www.dia.es/product_images/161619/161619_ISO_0_ES.jpg?imwidth=392"
  },
  {
    "categoria": "Tortitas",
    "nombre": "Tortitas de arroz integral con chocolate negro Naturmundo de Dia bolsa 130 g",
    "precio_unitario": "1,85 €",
    "precio_por_unidad": "(14,23 €/kg)",
    "imagen": "https://www.dia.es/product_images/247479/247479_ISO_0_ES.jpg?imwidth=392"
  },
  {
    "categoria": "Tortitas",
    "nombre": "Tortitas de arroz integral con chocolate blanco Naturmundo de Dia bolsa 130 g",
    "precio_unitario": "1,85 €",
    "precio_por_unidad": "(14,23 €/kg)",
    "imagen": "https://www.dia.es/product_images/161621/161621_ISO_0_ES.jpg?imwidth=392"
  },
  {
    "categoria": "Tortitas",
    "nombre": "Mini tortitas de maíz y arroz sabor queso Naturmundo de Dia bolsa 75 g",
    "precio_unitario": "1,39 €",
    "precio_por_unidad": "(18,53 €/kg)",
    "imagen": "https://www.dia.es/product_images/161620/161620_ISO_0_ES.jpg?imwidth=392"
  },
  {
    "categoria": "Tortitas",
    "nombre": "Tortitas de maíz con chocolate negro Naturmundo de Dia bolsa 90 g",
    "precio_unitario": "1,35 €",
    "precio_por_unidad": "(15,00 €/kg)",
    "imagen": "https://www.dia.es/product_images/161622/161622_ISO_0_ES.jpg?imwidth=392"
  },
  {
    "categoria": "Tortitas",
    "nombre": "Mini tortitas sabor campesina Naturmundo de Dia bolsa 75 g",
    "precio_unitario": "1,39 €",
    "precio_por_unidad": "(18,53 €/kg)",
    "imagen": "https://www.dia.es/product_images/289920/289920_ISO_0_ES.jpg?imwidth=392"
  },
  {
    "categoria": "Tortitas",
    "nombre": "Tortitas de arroz integral Naturmundo de Dia bolsa 130 g",
    "precio_unitario": "1,25 €",
    "precio_por_unidad": "(9,62 €/kg)",
    "imagen": "https://www.dia.es/product_images/61475/61475_ISO_0_ES.jpg?imwidth=392"
  },
  {
    "categoria": "Tortitas",
    "nombre": "Tortitas de maíz sabor jamón ibérico Bicentury bolsa 123 g",
    "precio_unitario": "2,39 €",
    "precio_por_unidad": "(19,43 €/kg)",
    "imagen": "https://www.dia.es/product_images/235039/235039_ISO_0_ES.jpg?imwidth=392"
  },
  {
    "categoria": "Tortitas",
    "nombre": "Tortitas de maíz Bicentury bolsa 130 g",
    "precio_unitario": "1,79 €",
    "precio_por_unidad": "(13,77 €/kg)",
    "imagen": "https://www.dia.es/product_images/84027/84027_ISO_0_ES.jpg?imwidth=392"
  },
  {
    "categoria": "Tortitas",
    "nombre": "Tortitas de arroz con chocolate blanco y frutos rojos Bicentury bolsa 131 g",
    "precio_unitario": "2,95 €",
    "precio_por_unidad": "(22,52 €/kg)",
    "imagen": "https://www.dia.es/product_images/244935/244935_ISO_0_ES.jpg?imwidth=392"
  },
  {
    "categoria": "Tortitas",
    "nombre": "Tortitas de maíz con tomate y aceite de oliva Bicentury bolsa 123 g",
    "precio_unitario": "2,29 €",
    "precio_por_unidad": "(18,62 €/kg)",
    "imagen": "https://www.dia.es/product_images/179409/179409_ISO_0_ES.jpg?imwidth=392"
  },
  {
    "categoria": "Tortitas",
    "nombre": "Tortitas de maíz sabor jamón ibérico Bicentury caja 70 g",
    "precio_unitario": "1,45 €",
    "precio_por_unidad": "(20,71 €/kg)",
    "imagen": "https://www.dia.es/product_images/164210/164210_ISO_0_ES.jpg?imwidth=392"
  },
  {
    "categoria": "Tortitas",
    "nombre": "Tortitas de maíz con queso y albahaca Bicentury bolsa 123 g",
    "precio_unitario": "2,29 €",
    "precio_por_unidad": "(18,62 €/kg)",
    "imagen": "https://www.dia.es/product_images/179407/179407_ISO_0_ES.jpg?imwidth=392"
  },
  {
    "categoria": "Tortitas",
    "nombre": "Tortitas de arroz integral con chocolate negro 0% azúcares Bicentury bolsa 130 g",
    "precio_unitario": "2,95 €",
    "precio_por_unidad": "(22,69 €/kg)",
    "imagen": "https://www.dia.es/product_images/269876/269876_ISO_0_ES.jpg?imwidth=392"
  },
  {
    "categoria": "Tortitas",
    "nombre": "Barrita proteína sabor chocolate blanco con stracciatella Just loading bolsa 35 g",
    "precio_unitario": "1,35 €",
    "precio_por_unidad": "(38,57 €/kg)",
    "imagen": "https://www.dia.es/product_images/256556/256556_ISO_0_ES.jpg?imwidth=392"
  },
  {
    "categoria": "Tortitas",
    "nombre": "Tortitas de espelta bio Ecocesta bolsa 108 g",
    "precio_unitario": "1,79 €",
    "precio_por_unidad": "(16,57 €/kg)",
    "imagen": "https://www.dia.es/product_images/257255/257255_ISO_0_ES.jpg?imwidth=392"
  },
  {
    "categoria": "Tortitas",
    "nombre": "Tortitas de arroz y quinoa Ecocesta bolsa 120 g",
    "precio_unitario": "1,79 €",
    "precio_por_unidad": "(14,92 €/kg)",
    "imagen": "https://www.dia.es/product_images/239441/239441_ISO_0_ES.jpg?imwidth=392"
  },
  {
    "categoria": "Tortitas",
    "nombre": "Barritas de proteínas sabor brownie Just loading bolsa 35 g",
    "precio_unitario": "1,39 €",
    "precio_por_unidad": "(39,71 €/kg)",
    "imagen": "https://www.dia.es/product_images/277260/277260_ISO_0_ES.jpg?imwidth=392"
  },
  {
    "categoria": "Tortitas",
    "nombre": "Tortitas de maíz sabor setas, trufa y queso Bicentury bolsa 124 g",
    "precio_unitario": "2,59 €",
    "precio_por_unidad": "(20,89 €/kg)",
    "imagen": "https://www.dia.es/product_images/205539/205539_ISO_0_ES.jpg?imwidth=392"
  },
  {
    "categoria": "Tortitas",
    "nombre": "Tortitas de arroz integral con chocolate negro Bicentury bolsa 130 g",
    "precio_unitario": "2,69 €",
    "precio_por_unidad": "(2,07 €/100 GR.)",
    "imagen": "https://www.dia.es/product_images/68890/68890_ISO_0_ES.jpg?imwidth=392"
  },
  {
    "categoria": "Tortitas",
    "nombre": "Barrita de chocolate con 30% de proteínas Corny bolsa 50 g",
    "precio_unitario": "1,79 €",
    "precio_por_unidad": "(35,80 €/kg)",
    "imagen": "https://www.dia.es/product_images/301595/301595_ISO_0_ES.jpg?imwidth=392"
  },
  {
    "categoria": "Tortitas",
    "nombre": "Barritas energéticas con dátil, coco y nueces Just loading bolsa 40 g",
    "precio_unitario": "1,00 €",
    "precio_por_unidad": "(25,00 €/kg)",
    "imagen": "https://www.dia.es/product_images/287449/287449_ISO_0_ES.jpg?imwidth=392"
  },
  {
    "categoria": "Tortitas",
    "nombre": "Barritas energéticas de avena sabor capuchino Just loading bolsa 60 g",
    "precio_unitario": "1,29 €",
    "precio_por_unidad": "(21,50 €/kg)",
    "imagen": "https://www.dia.es/product_images/277261/277261_ISO_0_ES.jpg?imwidth=392"
  },
  {
    "categoria": "Tortitas",
    "nombre": "Tortitas de arroz integral con chocolate blanco, almendra y canela Bicentury bolsa 138 g",
    "precio_unitario": "2,95 €",
    "precio_por_unidad": "(21,38 €/kg)",
    "imagen": "https://www.dia.es/product_images/269879/269879_ISO_0_ES.jpg?imwidth=392"
  },
  {
    "categoria": "Tortitas",
    "nombre": "Tortitas de arroz integral con chocolate blanco, limón y coco Bicentury bolsa 138 g",
    "precio_unitario": "2,95 €",
    "precio_por_unidad": "(21,38 €/kg)",
    "imagen": "https://www.dia.es/product_images/269878/269878_ISO_0_ES.jpg?imwidth=392"
  },
  {
    "categoria": "Tortitas",
    "nombre": "Tortitas de maíz sabor barbacoa Bicentury bolsa 148 g",
    "precio_unitario": "2,29 €",
    "precio_por_unidad": "(15,47 €/kg)",
    "imagen": "https://www.dia.es/product_images/258470/258470_ISO_0_ES.jpg?imwidth=392"
  },
  {
    "categoria": "Tortitas",
    "nombre": "Tortitas de arroz con chocolate con leche y avellanas Bicentury bolsa 142 g",
    "precio_unitario": "2,95 €",
    "precio_por_unidad": "(20,77 €/kg)",
    "imagen": "https://www.dia.es/product_images/244936/244936_ISO_0_ES.jpg?imwidth=392"
  },
  {
    "categoria": "Tortitas",
    "nombre": "Barritas de cereales y cacao bañadas en chocolate con leche Bicentury caja 120 g",
    "precio_unitario": "3,49 €",
    "precio_por_unidad": "(29,08 €/kg)",
    "imagen": "https://www.dia.es/product_images/235134/235134_ISO_0_ES.jpg?imwidth=392"
  },
  {
    "categoria": "Tortitas",
    "nombre": "Tortitas de arroz con chocolate con leche Bicentury bolsa 130 g",
    "precio_unitario": "2,79 €",
    "precio_por_unidad": "(21,46 €/kg)",
    "imagen": "https://www.dia.es/product_images/234226/234226_ISO_0_ES.jpg?imwidth=392"
  },
  {
    "categoria": "Tortitas",
    "nombre": "Barritas de cereales bañadas con chocolate negro sin azúcares Bicentury caja 102 g",
    "precio_unitario": "3,35 €",
    "precio_por_unidad": "(32,84 €/kg)",
    "imagen": "https://www.dia.es/product_images/232052/232052_ISO_0_ES.jpg?imwidth=392"
  },
  {
    "categoria": "Tortitas",
    "nombre": "Tortitas de arroz integral sabor yogur Bicentury bolsa 130 g",
    "precio_unitario": "2,69 €",
    "precio_por_unidad": "(2,07 €/100 GR.)",
    "imagen": "https://www.dia.es/product_images/155479/155479_ISO_0_ES.jpg?imwidth=392"
  },
  {
    "categoria": "Tortitas",
    "nombre": "Barritas de chocolate con leche con chocochips Bicentury caja 128 g",
    "precio_unitario": "4,99 €",
    "precio_por_unidad": "(38,98 €/kg)",
    "imagen": "https://www.dia.es/product_images/153635/153635_ISO_0_ES.jpg?imwidth=392"
  },
  {
    "categoria": "Tortitas",
    "nombre": "Galletas sabor yogur con limón Bicentury caja 160 g",
    "precio_unitario": "2,59 €",
    "precio_por_unidad": "(16,19 €/kg)",
    "imagen": "https://www.dia.es/product_images/153634/153634_ISO_0_ES.jpg?imwidth=392"
  },
  {
    "categoria": "Bebidas energéticas",
    "nombre": "Bebida energética zero El diablo de Dia lata 250 ml",
    "precio_unitario": "0,40 €",
    "precio_por_unidad": "(1,60 €/L)",
    "imagen": "https://www.dia.es/product_images/86976/86976_ISO_0_ES.jpg?imwidth=392"
  },
  {
    "categoria": "Bebidas energéticas",
    "nombre": "Bebida energética El diablo de Dia lata 250 ml",
    "precio_unitario": "0,40 €",
    "precio_por_unidad": "(1,60 €/L)",
    "imagen": "https://www.dia.es/product_images/64449/64449_ISO_0_ES.jpg?imwidth=392"
  },
  {
    "categoria": "Bebidas energéticas",
    "nombre": "Bebida energética Red bull lata 250 ml",
    "precio_unitario": "1,59 €",
    "precio_por_unidad": "(6,36 €/L)",
    "imagen": "https://www.dia.es/product_images/16056/16056_ISO_0_ES.jpg?imwidth=392"
  },
  {
    "categoria": "Bebidas energéticas",
    "nombre": "Bebida energética green zero Monster Energy lata 500 ml",
    "precio_unitario": "1,79 €",
    "precio_por_unidad": "(3,58 €/L)",
    "imagen": "https://www.dia.es/product_images/301574/301574_ISO_0_ES.jpg?imwidth=392"
  },
  {
    "categoria": "Bebidas energéticas",
    "nombre": "Bebida energética original Burn lata 500 ml",
    "precio_unitario": "1,00 €",
    "precio_por_unidad": "(2,00 €/L)",
    "imagen": "https://www.dia.es/product_images/144030/144030_ISO_0_ES.jpg?imwidth=392"
  },
  {
    "categoria": "Bebidas energéticas",
    "nombre": "Bebida energética mango loco Monster Energy lata 500 ml",
    "precio_unitario": "1,79 €",
    "precio_por_unidad": "(3,58 €/L)",
    "imagen": "https://www.dia.es/product_images/261395/261395_ISO_0_ES.jpg?imwidth=392"
  },
  {
    "categoria": "Bebidas energéticas",
    "nombre": "Bebida energética sabor piña y coco El diablo de Dia lata 50 cl",
    "precio_unitario": "0,99 €",
    "precio_por_unidad": "(1,98 €/L)",
    "imagen": "https://www.dia.es/product_images/293435/293435_ISO_0_ES.jpg?imwidth=392"
  },
  {
    "categoria": "Bebidas energéticas",
    "nombre": "Bebida energética sabor mango El diablo de Dia lata 500 ml",
    "precio_unitario": "0,99 €",
    "precio_por_unidad": "(1,98 €/L)",
    "imagen": "https://www.dia.es/product_images/293434/293434_ISO_0_ES.jpg?imwidth=392"
  },
  {
    "categoria": "Bebidas energéticas",
    "nombre": "Bebida energética de guaraná El diablo de Dia lata 500 ml",
    "precio_unitario": "0,95 €",
    "precio_por_unidad": "(1,90 €/L)",
    "imagen": "https://www.dia.es/product_images/207358/207358_ISO_0_ES.jpg?imwidth=392"
  },
  {
    "categoria": "Bebidas energéticas",
    "nombre": "Bebida energética de mojito El diablo de Dia lata 250 ml",
    "precio_unitario": "0,59 €",
    "precio_por_unidad": "(2,36 €/L)",
    "imagen": "https://www.dia.es/product_images/270138/270138_ISO_0_ES.jpg?imwidth=392"
  },
  {
    "categoria": "Bebidas energéticas",
    "nombre": "Bebida energética zero azúcar Lewis Hamilton Monster Energy lata 500 ml",
    "precio_unitario": "1,79 €",
    "precio_por_unidad": "(3,58 €/L)",
    "imagen": "https://www.dia.es/product_images/293743/293743_ISO_0_ES.jpg?imwidth=392"
  },
  {
    "categoria": "Bebidas energéticas",
    "nombre": "Bebida energética ultra white Monster Energy lata 500 ml",
    "precio_unitario": "1,79 €",
    "precio_por_unidad": "(3,58 €/L)",
    "imagen": "https://www.dia.es/product_images/230828/230828_ISO_0_ES.jpg?imwidth=392"
  },
  {
    "categoria": "Bebidas energéticas",
    "nombre": "Bebida energética sin azúcar Red bull lata 250 ml",
    "precio_unitario": "1,59 €",
    "precio_por_unidad": "(6,36 €/L)",
    "imagen": "https://www.dia.es/product_images/54604/54604_ISO_0_ES.jpg?imwidth=392"
  },
  {
    "categoria": "Bebidas energéticas",
    "nombre": "Bebida energética ultra watermelon Monster Energy lata 500 ml",
    "precio_unitario": "1,79 €",
    "precio_por_unidad": "(3,58 €/L)",
    "imagen": "https://www.dia.es/product_images/287462/287462_ISO_0_ES.jpg?imwidth=392"
  },
  {
    "categoria": "Bebidas energéticas",
    "nombre": "Bebida energética ultra rosá Monster Energy lata 500 ml",
    "precio_unitario": "1,89 €",
    "precio_por_unidad": "(3,78 €/L)",
    "imagen": "https://www.dia.es/product_images/304781/304781_ISO_0_ES.jpg?imwidth=392"
  },
  {
    "categoria": "Bebidas energéticas",
    "nombre": "Bebida energética absolutely zero Monster Energy lata 500 ml",
    "precio_unitario": "1,79 €",
    "precio_por_unidad": "(3,58 €/L)",
    "imagen": "https://www.dia.es/product_images/141191/141191_ISO_0_ES.jpg?imwidth=392"
  },
  {
    "categoria": "Bebidas energéticas",
    "nombre": "Bebida energética Red bull lata 4 x 250 ml",
    "precio_unitario": "5,39 €",
    "precio_por_unidad": "(5,39 €/L)",
    "imagen": "https://www.dia.es/product_images/53079/53079_ISO_0_ES.jpg?imwidth=392"
  },
  {
    "categoria": "Bebidas energéticas",
    "nombre": "Bebida energética green Monster Energy lata 500 ml",
    "precio_unitario": "1,79 €",
    "precio_por_unidad": "(3,58 €/L)",
    "imagen": "https://www.dia.es/product_images/141190/141190_ISO_0_ES.jpg?imwidth=392"
  },
  {
    "categoria": "Bebidas energéticas",
    "nombre": "Bebida energética ultra fiesta mango Monster Energy lata 500 ml",
    "precio_unitario": "1,79 €",
    "precio_por_unidad": "(3,58 €/L)",
    "imagen": "https://www.dia.es/product_images/274678/274678_ISO_0_ES.jpg?imwidth=392"
  },
  {
    "categoria": "Bebidas energéticas",
    "nombre": "Bebida energética sabor coco y arándanos Red bull lata 250 ml",
    "precio_unitario": "1,59 €",
    "precio_por_unidad": "(6,36 €/L)",
    "imagen": "https://www.dia.es/product_images/258642/258642_ISO_0_ES.jpg?imwidth=392"
  },
  {
    "categoria": "Bebidas energéticas",
    "nombre": "Bebida energética Red bull lata 355 ml",
    "precio_unitario": "1,99 €",
    "precio_por_unidad": "(5,61 €/L)",
    "imagen": "https://www.dia.es/product_images/87367/87367_ISO_0_ES.jpg?imwidth=392"
  },
  {
    "categoria": "Bebidas energéticas",
    "nombre": "Bebida energética sabor albaricoque sin azúcar Red bull lata 250 ml",
    "precio_unitario": "1,59 €",
    "precio_por_unidad": "(6,36 €/L)",
    "imagen": "https://www.dia.es/product_images/302539/302539_ISO_0_ES.jpg?imwidth=392"
  },
  {
    "categoria": "Bebidas energéticas",
    "nombre": "Bebida energética sabor killer mandarin Rockstar lata 500 ml",
    "precio_unitario": "1,50 €",
    "precio_por_unidad": "(3,00 €/L)",
    "imagen": "https://www.dia.es/product_images/296120/296120_ISO_0_ES.jpg?imwidth=392"
  },
  {
    "categoria": "Bebidas energéticas",
    "nombre": "Bebida energética fruit & power San Benedetto botella 400 ml",
    "precio_unitario": "1,19 €",
    "precio_por_unidad": "(2,98 €/L)",
    "imagen": "https://www.dia.es/product_images/295535/295535_ISO_0_ES.jpg?imwidth=392"
  },
  {
    "categoria": "Bebidas energéticas",
    "nombre": "Bebida energética sin azúcar Red bull lata 355 ml",
    "precio_unitario": "1,99 €",
    "precio_por_unidad": "(5,61 €/L)",
    "imagen": "https://www.dia.es/product_images/289695/289695_ISO_0_ES.jpg?imwidth=392"
  },
  {
    "categoria": "Bebidas energéticas",
    "nombre": "Bebida energética sabor albaricoque Red bull lata 250 ml",
    "precio_unitario": "1,59 €",
    "precio_por_unidad": "(6,36 €/L)",
    "imagen": "https://www.dia.es/product_images/285829/285829_ISO_0_ES.jpg?imwidth=392"
  },
  {
    "categoria": "Bebidas energéticas",
    "nombre": "Bebida energética fruta del dragón Red bull lata 250 ml",
    "precio_unitario": "1,59 €",
    "precio_por_unidad": "(6,36 €/L)",
    "imagen": "https://www.dia.es/product_images/277373/277373_ISO_0_ES.jpg?imwidth=392"
  },
  {
    "categoria": "Bebidas energéticas",
    "nombre": "Bebida energética monarch Monster Energy lata 500 ml",
    "precio_unitario": "1,79 €",
    "precio_por_unidad": "(3,58 €/L)",
    "imagen": "https://www.dia.es/product_images/274679/274679_ISO_0_ES.jpg?imwidth=392"
  },
  {
    "categoria": "Bebidas energéticas",
    "nombre": "Bebida energética sabor sandía Red bull lata 250 ml",
    "precio_unitario": "1,59 €",
    "precio_por_unidad": "(6,36 €/L)",
    "imagen": "https://www.dia.es/product_images/271471/271471_ISO_0_ES.jpg?imwidth=392"
  },
  {
    "categoria": "Bebidas energéticas",
    "nombre": "Bebida energética zero Red bull lata 250 ml",
    "precio_unitario": "1,59 €",
    "precio_por_unidad": "(6,36 €/L)",
    "imagen": "https://www.dia.es/product_images/268167/268167_ISO_0_ES.jpg?imwidth=392"
  },
  {
    "categoria": "Bebidas energéticas",
    "nombre": "Bebida energética sin azúcar Red bull lata 4 x 250 ml",
    "precio_unitario": "5,39 €",
    "precio_por_unidad": "(5,39 €/L)",
    "imagen": "https://www.dia.es/product_images/259560/259560_ISO_0_ES.jpg?imwidth=392"
  },
  {
    "categoria": "Bebidas energéticas",
    "nombre": "Bebida energética sabor guayaba Rockstar lata 500 ml",
    "precio_unitario": "1,50 €",
    "precio_por_unidad": "(3,00 €/L)",
    "imagen": "https://www.dia.es/product_images/246425/246425_ISO_0_ES.jpg?imwidth=392"
  },
  {
    "categoria": "Bebidas energéticas",
    "nombre": "Bebida energética sabor baya de junio Red bull lata 250 ml",
    "precio_unitario": "1,59 €",
    "precio_por_unidad": "(6,36 €/L)",
    "imagen": "https://www.dia.es/product_images/198457/198457_ISO_0_ES.jpg?imwidth=392"
  },
  {
    "categoria": "Bebidas energéticas",
    "nombre": "Bebida energética Red bull lata 473 ml",
    "precio_unitario": "2,59 €",
    "precio_por_unidad": "(5,48 €/L)",
    "imagen": "https://www.dia.es/product_images/147140/147140_ISO_0_ES.jpg?imwidth=392"
  },
  {
    "categoria": "Turrones",
    "nombre": "Turrón crujiente de chocolate con leche Dulce Noel Dia bolsa 140 g",
    "precio_unitario": "1,29 €",
    "precio_por_unidad": "(9,21 €/kg)",
    "imagen": "https://www.dia.es/product_images/296017/296017_ISO_0_ES.jpg?imwidth=392"
  },
  {
    "categoria": "Turrones",
    "nombre": "Turrón de chocolate con arroz inflado clásico Suchard 260 g",
    "precio_unitario": "3,99 €",
    "precio_por_unidad": "(17,35 €/kg)",
    "imagen": "https://www.dia.es/product_images/184614/184614_ISO_0_ES.jpg?imwidth=392"
  },
  {
    "categoria": "Turrones",
    "nombre": "Turrón de coco Dulce Noel Dia caja 150 g",
    "precio_unitario": "1,15 €",
    "precio_por_unidad": "(7,67 €/kg)",
    "imagen": "https://www.dia.es/product_images/265844/265844_ISO_0_ES.jpg?imwidth=392"
  },
  {
    "categoria": "Turrones",
    "nombre": "Turrón de crema de cacahuete Dulce Noel Dia caja 150 g",
    "precio_unitario": "1,19 €",
    "precio_por_unidad": "(7,93 €/kg)",
    "imagen": "https://www.dia.es/product_images/264742/264742_ISO_0_ES.jpg?imwidth=392"
  },
  {
    "categoria": "Turrones",
    "nombre": "Turrón de jijona Dulce Noel Dia caja 150 g",
    "precio_unitario": "2,19 €",
    "precio_por_unidad": "(14,60 €/kg)",
    "imagen": "https://www.dia.es/product_images/265841/265841_ISO_0_ES.jpg?imwidth=392"
  },
  {
    "categoria": "Turrones",
    "nombre": "Turrón imperial de cacahuete Dulce Noel Dia caja 150 g",
    "precio_unitario": "1,19 €",
    "precio_por_unidad": "(7,93 €/kg)",
    "imagen": "https://www.dia.es/product_images/264741/264741_ISO_0_ES.jpg?imwidth=392"
  },
  {
    "categoria": "Turrones",
    "nombre": "Turrón crujiente de chocolate blanco con galletas Dulce Noel Dia bolsa 150 g",
    "precio_unitario": "1,99 €",
    "precio_por_unidad": "(13,27 €/kg)",
    "imagen": "https://www.dia.es/product_images/302907/302907_ISO_0_ES.jpg?imwidth=392"
  },
  {
    "categoria": "Turrones",
    "nombre": "Turrón de yema tostada Dulce Noel Dia caja 150 g",
    "precio_unitario": "1,75 €",
    "precio_por_unidad": "(11,67 €/kg)",
    "imagen": "https://www.dia.es/product_images/264740/264740_ISO_0_ES.jpg?imwidth=392"
  },
  {
    "categoria": "Turrones",
    "nombre": "Turrón de pistacho Dulce Noel Dia caja 150 g",
    "precio_unitario": "2,95 €",
    "precio_por_unidad": "(19,67 €/kg)",
    "imagen": "https://www.dia.es/product_images/295580/295580_ISO_0_ES.jpg?imwidth=392"
  },
  {
    "categoria": "Turrones",
    "nombre": "Surtido de turrones pralinés Dulce Noel Dia bolsa 140 g",
    "precio_unitario": "2,39 €",
    "precio_por_unidad": "(17,07 €/kg)",
    "imagen": "https://www.dia.es/product_images/302677/302677_ISO_0_ES.jpg?imwidth=392"
  },
  {
    "categoria": "Turrones",
    "nombre": "Turrón crujiente de chocolate negro Dulce Noel Dia bolsa 150 g",
    "precio_unitario": "1,99 €",
    "precio_por_unidad": "(13,27 €/kg)",
    "imagen": "https://www.dia.es/product_images/302901/302901_ISO_0_ES.jpg?imwidth=392"
  },
  {
    "categoria": "Turrones",
    "nombre": "Surtido de turrones de chocolate crujientes Dulce Noel Dia bolsa 140 g",
    "precio_unitario": "2,39 €",
    "precio_por_unidad": "(17,07 €/kg)",
    "imagen": "https://www.dia.es/product_images/284266/284266_ISO_0_ES.jpg?imwidth=392"
  },
  {
    "categoria": "Turrones",
    "nombre": "Turrón de fruta Dulce Noel Dia caja 150 g",
    "precio_unitario": "1,75 €",
    "precio_por_unidad": "(11,67 €/kg)",
    "imagen": "https://www.dia.es/product_images/265845/265845_ISO_0_ES.jpg?imwidth=392"
  },
  {
    "categoria": "Turrones",
    "nombre": "Turrón con dulce de leche Dulce Noel Dia caja 150 g",
    "precio_unitario": "2,50 €",
    "precio_por_unidad": "(16,67 €/kg)",
    "imagen": "https://www.dia.es/product_images/273480/273480_ISO_0_ES.jpg?imwidth=392"
  },
  {
    "categoria": "Turrones",
    "nombre": "Turrón crujiente de chocolate con galletas Dulce Noel Dia bolsa 150 g",
    "precio_unitario": "1,99 €",
    "precio_por_unidad": "(13,27 €/kg)",
    "imagen": "https://www.dia.es/product_images/302906/302906_ISO_0_ES.jpg?imwidth=392"
  },
  {
    "categoria": "Turrones",
    "nombre": "Turrón crujiente de chocolate blanco Dulce Noel Dia bolsa 150 g",
    "precio_unitario": "1,99 €",
    "precio_por_unidad": "(13,27 €/kg)",
    "imagen": "https://www.dia.es/product_images/302902/302902_ISO_0_ES.jpg?imwidth=392"
  },
  {
    "categoria": "Turrones",
    "nombre": "Surtido de mini turrones Dulce Noel Dia caja 280 g",
    "precio_unitario": "4,29 €",
    "precio_por_unidad": "(15,32 €/kg)",
    "imagen": "https://www.dia.es/product_images/273484/273484_ISO_0_ES.jpg?imwidth=392"
  },
  {
    "categoria": "Turrones",
    "nombre": "Turrón de jijona artesano Dulce Noel Dia bolsa 240 g",
    "precio_unitario": "3,99 €",
    "precio_por_unidad": "(16,63 €/kg)",
    "imagen": "https://www.dia.es/product_images/264736/264736_ISO_0_ES.jpg?imwidth=392"
  },
  {
    "categoria": "Turrones",
    "nombre": "Turrón crujiente de chocolate sin azúcares añadidos Dulce Noel Dia bolsa 110 g",
    "precio_unitario": "1,89 €",
    "precio_por_unidad": "(17,18 €/kg)",
    "imagen": "https://www.dia.es/product_images/302675/302675_ISO_0_ES.jpg?imwidth=392"
  },
  {
    "categoria": "Turrones",
    "nombre": "Turrón extrafino Filipinos Nestlé bolsa 230 g",
    "precio_unitario": "3,99 €",
    "precio_por_unidad": "(17,35 €/kg)",
    "imagen": "https://www.dia.es/product_images/303489/303489_ISO_0_ES.jpg?imwidth=392"
  },
  {
    "categoria": "Turrones",
    "nombre": "Turrón de mandarina relleno de avellana Dulce Noel Dia bolsa 250 g",
    "precio_unitario": "4,29 €",
    "precio_por_unidad": "(17,16 €/kg)",
    "imagen": "https://www.dia.es/product_images/302674/302674_ISO_0_ES.jpg?imwidth=392"
  },
  {
    "categoria": "Turrones",
    "nombre": "Turrón blando crujiente Dulce Noel Dia bolsa 250 g",
    "precio_unitario": "3,99 €",
    "precio_por_unidad": "(15,96 €/kg)",
    "imagen": "https://www.dia.es/product_images/302673/302673_ISO_0_ES.jpg?imwidth=392"
  },
  {
    "categoria": "Turrones",
    "nombre": "Turrón praliné con crema de cacahuete al toque sal Dulce Noel Dia caja 150 g",
    "precio_unitario": "2,50 €",
    "precio_por_unidad": "(16,67 €/kg)",
    "imagen": "https://www.dia.es/product_images/302672/302672_ISO_0_ES.jpg?imwidth=392"
  },
  {
    "categoria": "Turrones",
    "nombre": "Turrón praliné con galleta caramelizada Dulce Noel Dia caja 150 g",
    "precio_unitario": "2,50 €",
    "precio_por_unidad": "(16,67 €/kg)",
    "imagen": "https://www.dia.es/product_images/302671/302671_ISO_0_ES.jpg?imwidth=392"
  },
  {
    "categoria": "Turrones",
    "nombre": "Turrón de chocolate y trocitos de galleta PrÍncipe Suchard 260 g",
    "precio_unitario": "3,99 €",
    "precio_por_unidad": "(17,35 €/kg)",
    "imagen": "https://www.dia.es/product_images/295860/295860_ISO_0_ES.jpg?imwidth=392"
  },
  {
    "categoria": "Turrones",
    "nombre": "Turrón con crema de galleta belga Dulce Noel Dia caja 150 g",
    "precio_unitario": "2,75 €",
    "precio_por_unidad": "(18,33 €/kg)",
    "imagen": "https://www.dia.es/product_images/295585/295585_ISO_0_ES.jpg?imwidth=392"
  },
  {
    "categoria": "Turrones",
    "nombre": "Turrón de chocolate con leche y galleta Nestlé Dinosaurus bolsa 230 g",
    "precio_unitario": "3,99 €",
    "precio_por_unidad": "(17,35 €/kg)",
    "imagen": "https://www.dia.es/product_images/295526/295526_ISO_0_ES.jpg?imwidth=392"
  },
  {
    "categoria": "Turrones",
    "nombre": "Turrón de chocolate blanco Nestlé Jungly 229 g",
    "precio_unitario": "3,99 €",
    "precio_por_unidad": "(17,42 €/kg)",
    "imagen": "https://www.dia.es/product_images/287853/287853_ISO_0_ES.jpg?imwidth=392"
  },
  {
    "categoria": "Turrones",
    "nombre": "Bombones rellenos de turrón Temptation de Dia bolsa 208 g",
    "precio_unitario": "3,75 €",
    "precio_por_unidad": "(18,03 €/kg)",
    "imagen": "https://www.dia.es/product_images/284267/284267_ISO_0_ES.jpg?imwidth=392"
  },
  {
    "categoria": "Turrones",
    "nombre": "Turrón artesano de yema tostada con naranja Dulce Noel Dia caja 240 g",
    "precio_unitario": "3,99 €",
    "precio_por_unidad": "(16,63 €/kg)",
    "imagen": "https://www.dia.es/product_images/284265/284265_ISO_0_ES.jpg?imwidth=392"
  },
  {
    "categoria": "Turrones",
    "nombre": "Turrón de chocolate con leche Nestlé Jungly 232 g",
    "precio_unitario": "3,99 €",
    "precio_por_unidad": "(17,20 €/kg)",
    "imagen": "https://www.dia.es/product_images/277572/277572_ISO_0_ES.jpg?imwidth=392"
  },
  {
    "categoria": "Turrones",
    "nombre": "Turrón de chocolate con almendras sin azúcar Dulce Noel Dia caja 175 g",
    "precio_unitario": "2,85 €",
    "precio_por_unidad": "(16,29 €/kg)",
    "imagen": "https://www.dia.es/product_images/273483/273483_ISO_0_ES.jpg?imwidth=392"
  },
  {
    "categoria": "Turrones",
    "nombre": "Turrón imperial de almendras sin azúcar Dulce Noel Dia caja 150 g",
    "precio_unitario": "2,60 €",
    "precio_por_unidad": "(17,33 €/kg)",
    "imagen": "https://www.dia.es/product_images/273482/273482_ISO_0_ES.jpg?imwidth=392"
  },
  {
    "categoria": "Turrones",
    "nombre": "Turrón de crema de almendras sin azúcar Dulce Noel Dia caja 150 g",
    "precio_unitario": "2,60 €",
    "precio_por_unidad": "(17,33 €/kg)",
    "imagen": "https://www.dia.es/product_images/273481/273481_ISO_0_ES.jpg?imwidth=392"
  },
  {
    "categoria": "Turrones",
    "nombre": "Turrón praliné de ron con pasas Dulce Noel Dia caja 150 g",
    "precio_unitario": "2,75 €",
    "precio_por_unidad": "(18,33 €/kg)",
    "imagen": "https://www.dia.es/product_images/265846/265846_ISO_0_ES.jpg?imwidth=392"
  },
  {
    "categoria": "Turrones",
    "nombre": "Turrón praliné de crema catalana Dulce Noel Dia caja 150 g",
    "precio_unitario": "2,50 €",
    "precio_por_unidad": "(16,67 €/kg)",
    "imagen": "https://www.dia.es/product_images/265843/265843_ISO_0_ES.jpg?imwidth=392"
  },
  {
    "categoria": "Turrones",
    "nombre": "Turrón praliné de trufa Dulce Noel Dia caja 150 g",
    "precio_unitario": "2,50 €",
    "precio_por_unidad": "(16,67 €/kg)",
    "imagen": "https://www.dia.es/product_images/265842/265842_ISO_0_ES.jpg?imwidth=392"
  },
  {
    "categoria": "Turrones",
    "nombre": "Turrón de chocolate con leche con almendras Dulce Noel Dia caja 175 g",
    "precio_unitario": "2,50 €",
    "precio_por_unidad": "(14,29 €/kg)",
    "imagen": "https://www.dia.es/product_images/265839/265839_ISO_0_ES.jpg?imwidth=392"
  },
  {
    "categoria": "Turrones",
    "nombre": "Turrón de tres chocolates Dulce Noel Dia caja 150 g",
    "precio_unitario": "2,75 €",
    "precio_por_unidad": "(18,33 €/kg)",
    "imagen": "https://www.dia.es/product_images/265831/265831_ISO_0_ES.jpg?imwidth=392"
  },
  {
    "categoria": "Turrones",
    "nombre": "Turrón de chocolate con cacahuete frito con miel Dulce Noel Dia caja 150 g",
    "precio_unitario": "1,69 €",
    "precio_por_unidad": "(11,27 €/kg)",
    "imagen": "https://www.dia.es/product_images/264743/264743_ISO_0_ES.jpg?imwidth=392"
  },
  {
    "categoria": "Turrones",
    "nombre": "Turrón de alicante artesano Dulce Noel Dia 220 g",
    "precio_unitario": "3,99 €",
    "precio_por_unidad": "(18,14 €/kg)",
    "imagen": "https://www.dia.es/product_images/264737/264737_ISO_0_ES.jpg?imwidth=392"
  },
  {
    "categoria": "Turrones",
    "nombre": "Turrón de chocolate negro con almendras Dulce Noel Dia caja 175 g",
    "precio_unitario": "2,50 €",
    "precio_por_unidad": "(14,29 €/kg)",
    "imagen": "https://www.dia.es/product_images/264734/264734_ISO_0_ES.jpg?imwidth=392"
  },
  {
    "categoria": "Turrones",
    "nombre": "Turrón de chocolate negro con arroz inflado Suchard 260 g",
    "precio_unitario": "3,99 €",
    "precio_por_unidad": "(17,35 €/kg)",
    "imagen": "https://www.dia.es/product_images/260100/260100_ISO_0_ES.jpg?imwidth=392"
  },
  {
    "categoria": "Turrones",
    "nombre": "Turrón de chocolate con arroz inflado Suchard 2 x 230 g",
    "precio_unitario": "6,99 €",
    "precio_por_unidad": "(15,20 €/kg)",
    "imagen": "https://www.dia.es/product_images/260098/260098_ISO_0_ES.jpg?imwidth=392"
  },
  {
    "categoria": "Turrones",
    "nombre": "Turrón de chocolate con trozos de galleta oreo Suchard 260 g",
    "precio_unitario": "3,99 €",
    "precio_por_unidad": "(17,35 €/kg)",
    "imagen": "https://www.dia.es/product_images/184619/184619_ISO_0_ES.jpg?imwidth=392"
  },
  {
    "categoria": "Turrones",
    "nombre": "Turrón de chocolate con trozos de galleta oreo blanco Suchard 260 g",
    "precio_unitario": "3,99 €",
    "precio_por_unidad": "(17,35 €/kg)",
    "imagen": "https://www.dia.es/product_images/184618/184618_ISO_0_ES.jpg?imwidth=392"
  },
  {
    "categoria": "Turrones",
    "nombre": "Turrón de chocolate con almendras enteras Suchard 260 g",
    "precio_unitario": "3,99 €",
    "precio_por_unidad": "(17,35 €/kg)",
    "imagen": "https://www.dia.es/product_images/184616/184616_ISO_0_ES.jpg?imwidth=392"
  },
  {
    "categoria": "Turrones",
    "nombre": "Turrón de alicante El lobo caja 150 g",
    "precio_unitario": "3,99 €",
    "precio_por_unidad": "(26,60 €/kg)",
    "imagen": "https://www.dia.es/product_images/168092/168092_ISO_0_ES.jpg?imwidth=392"
  },
  {
    "categoria": "Turrones",
    "nombre": "Turrón de Alicante El lobo caja 185 g",
    "precio_unitario": "3,99 €",
    "precio_por_unidad": "(21,57 €/kg)",
    "imagen": "https://www.dia.es/product_images/168090/168090_ISO_0_ES.jpg?imwidth=392"
  },
  {
    "categoria": "Turrones",
    "nombre": "Turrón de jijona El lobo caja 185 g",
    "precio_unitario": "3,99 €",
    "precio_por_unidad": "(21,57 €/kg)",
    "imagen": "https://www.dia.es/product_images/168089/168089_ISO_0_ES.jpg?imwidth=392"
  },
  {
    "categoria": "Turrones",
    "nombre": "Turrón de guirlache de aragón Lacasa caja 240 g",
    "precio_unitario": "5,49 €",
    "precio_por_unidad": "(22,88 €/kg)",
    "imagen": "https://www.dia.es/product_images/114019/114019_ISO_0_ES.jpg?imwidth=392"
  },
  {
    "categoria": "Dulces Navidad",
    "nombre": "Trufas al cacao puro Lacasa caja 85 g",
    "precio_unitario": "1,09 €",
    "precio_por_unidad": "(12,82 €/kg)",
    "imagen": "https://www.dia.es/product_images/241610/241610_ISO_0_ES.jpg?imwidth=392"
  },
  {
    "categoria": "Dulces Navidad",
    "nombre": "Surtido de lenguas de gato Temptation de Dia caja 60 g",
    "precio_unitario": "1,99 €",
    "precio_por_unidad": "(33,17 €/kg)",
    "imagen": "https://www.dia.es/product_images/302908/302908_ISO_0_ES.jpg?imwidth=392"
  },
  {
    "categoria": "Dulces Navidad",
    "nombre": "Chocolate mints Temptation de Dia caja 165 g",
    "precio_unitario": "1,99 €",
    "precio_por_unidad": "(12,06 €/kg)",
    "imagen": "https://www.dia.es/product_images/209656/209656_ISO_0_ES.jpg?imwidth=392"
  },
  {
    "categoria": "Dulces Navidad",
    "nombre": "Galletas de jengibre Dulce Noel Dia caja 300 g",
    "precio_unitario": "2,59 €",
    "precio_por_unidad": "(8,63 €/kg)",
    "imagen": "https://www.dia.es/product_images/273488/273488_ISO_0_ES.jpg?imwidth=392"
  },
  {
    "categoria": "Dulces Navidad",
    "nombre": "Galletas con mantequilla Dulce Noel Dia caja 125 g",
    "precio_unitario": "1,50 €",
    "precio_por_unidad": "(12,00 €/kg)",
    "imagen": "https://www.dia.es/product_images/295589/295589_ISO_0_ES.jpg?imwidth=392"
  },
  {
    "categoria": "Dulces Navidad",
    "nombre": "Barquillos rellenos de crema de turrón Dulce Noel Dia lata 200 g",
    "precio_unitario": "2,99 €",
    "precio_por_unidad": "(14,95 €/kg)",
    "imagen": "https://www.dia.es/product_images/273438/273438_ISO_0_ES.jpg?imwidth=392"
  },
  {
    "categoria": "Dulces Navidad",
    "nombre": "Cortadillo relleno de cabello de Ángel La flor de Antequera caja 144 g",
    "precio_unitario": "1,50 €",
    "precio_por_unidad": "(10,42 €/kg)",
    "imagen": "https://www.dia.es/product_images/296366/296366_ISO_0_ES.jpg?imwidth=392"
  },
  {
    "categoria": "Dulces Navidad",
    "nombre": "Barquillos rellenos de crema de cacao con avellanas Dulce Noel Dia lata 200 g",
    "precio_unitario": "2,99 €",
    "precio_por_unidad": "(14,95 €/kg)",
    "imagen": "https://www.dia.es/product_images/273439/273439_ISO_0_ES.jpg?imwidth=392"
  },
  {
    "categoria": "Dulces Navidad",
    "nombre": "Fresas recubiertas con chocolate blanco Naturmundo de Dia bolsa 150 g",
    "precio_unitario": "3,29 €",
    "precio_por_unidad": "(21,93 €/kg)",
    "imagen": "https://www.dia.es/product_images/294940/294940_ISO_0_ES.jpg?imwidth=392"
  },
  {
    "categoria": "Dulces Navidad",
    "nombre": "Calendario de adviento Muller&muller 75 g",
    "precio_unitario": "1,75 €",
    "precio_por_unidad": "(23,33 €/kg)",
    "imagen": "https://www.dia.es/product_images/35626/35626_ISO_0_ES.jpg?imwidth=392"
  },
  {
    "categoria": "Dulces Navidad",
    "nombre": "Cacahuetes recubiertos de 3 chocolates Naturmundo de Dia bolsa 200 g",
    "precio_unitario": "2,79 €",
    "precio_por_unidad": "(13,95 €/kg)",
    "imagen": "https://www.dia.es/product_images/294942/294942_ISO_0_ES.jpg?imwidth=392"
  },
  {
    "categoria": "Dulces Navidad",
    "nombre": "Pistachos recubiertos de chocolate con leche Naturmundo de Dia bolsa 150 g",
    "precio_unitario": "3,45 €",
    "precio_por_unidad": "(23,00 €/kg)",
    "imagen": "https://www.dia.es/product_images/294818/294818_ISO_0_ES.jpg?imwidth=392"
  },
  {
    "categoria": "Dulces Navidad",
    "nombre": "Láminas de chocolate blanco y trocitos de limón Temptation de Dia caja 100 g",
    "precio_unitario": "2,99 €",
    "precio_por_unidad": "(29,90 €/kg)",
    "imagen": "https://www.dia.es/product_images/302662/302662_ISO_0_ES.jpg?imwidth=392"
  },
  {
    "categoria": "Dulces Navidad",
    "nombre": "Naranja con chocolate negro Naturmundo de Dia bolsa 150 g",
    "precio_unitario": "2,99 €",
    "precio_por_unidad": "(19,93 €/kg)",
    "imagen": "https://www.dia.es/product_images/303031/303031_ISO_0_ES.jpg?imwidth=392"
  },
  {
    "categoria": "Dulces Navidad",
    "nombre": "Monedas de chocolate Crest malla 100 g",
    "precio_unitario": "1,50 €",
    "precio_por_unidad": "(15,00 €/kg)",
    "imagen": "https://www.dia.es/product_images/69241/69241_ISO_0_ES.jpg?imwidth=392"
  },
  {
    "categoria": "Dulces Navidad",
    "nombre": "Arándanos recubiertos de chocolate negro Naturmundo de Dia bolsa 150 g",
    "precio_unitario": "2,99 €",
    "precio_por_unidad": "(19,93 €/kg)",
    "imagen": "https://www.dia.es/product_images/294817/294817_ISO_0_ES.jpg?imwidth=392"
  },
  {
    "categoria": "Dulces Navidad",
    "nombre": "Surtido de chocolatinas Celebrations caja 196 g",
    "precio_unitario": "3,99 €",
    "precio_por_unidad": "(20,36 €/kg)",
    "imagen": "https://www.dia.es/product_images/304149/304149_ISO_0_ES.jpg?imwidth=392"
  },
  {
    "categoria": "Dulces Navidad",
    "nombre": "Almendra con chocolate blanco y caramelo Naturmundo de Dia bolsa 150 g",
    "precio_unitario": "2,99 €",
    "precio_por_unidad": "(19,93 €/kg)",
    "imagen": "https://www.dia.es/product_images/303035/303035_ISO_0_ES.jpg?imwidth=392"
  },
  {
    "categoria": "Dulces Navidad",
    "nombre": "Bombones rellenos de coco y almendra Ferrero Raffaello caja 150 g",
    "precio_unitario": "4,39 €",
    "precio_por_unidad": "(29,27 €/kg)",
    "imagen": "https://www.dia.es/product_images/85754/85754_ISO_0_ES.jpg?imwidth=392"
  },
  {
    "categoria": "Dulces Navidad",
    "nombre": "Bombones surtidos Nestlé Caja Roja caja 398 g",
    "precio_unitario": "11,99 €",
    "precio_por_unidad": "(30,13 €/kg)",
    "imagen": "https://www.dia.es/product_images/85341/85341_ISO_0_ES.jpg?imwidth=392"
  },
  {
    "categoria": "Dulces Navidad",
    "nombre": "Huevos de chocolate con sorpresa 3 unidades Kinder caja 60 g",
    "precio_unitario": "3,49 €",
    "precio_por_unidad": "(58,17 €/kg)",
    "imagen": "https://www.dia.es/product_images/76578/76578_ISO_0_ES.jpg?imwidth=392"
  },
  {
    "categoria": "Dulces Navidad",
    "nombre": "Bombones Ferrero Rocher bolsa 35 g",
    "precio_unitario": "1,50 €",
    "precio_por_unidad": "(42,86 €/kg)",
    "imagen": "https://www.dia.es/product_images/55648/55648_ISO_0_ES.jpg?imwidth=392"
  },
  {
    "categoria": "Dulces Navidad",
    "nombre": "Crema de cacao con avellanas Nutella bote 350 g",
    "precio_unitario": "3,95 €",
    "precio_por_unidad": "(11,29 €/kg)",
    "imagen": "https://www.dia.es/product_images/49869/49869_ISO_0_ES.jpg?imwidth=392"
  },
  {
    "categoria": "Dulces Navidad",
    "nombre": "Bombones surtidos Nestlé Caja Roja caja 100 g",
    "precio_unitario": "3,99 €",
    "precio_por_unidad": "(38,74 €/kg)",
    "imagen": "https://www.dia.es/product_images/48912/48912_ISO_0_ES.jpg?imwidth=392"
  },
  {
    "categoria": "Dulces Navidad",
    "nombre": "Bombones de chocolate con leche Lindt Lindor caja 200 g",
    "precio_unitario": "7,49 €",
    "precio_por_unidad": "(37,45 €/kg)",
    "imagen": "https://www.dia.es/product_images/45440/45440_ISO_0_ES.jpg?imwidth=392"
  },
  {
    "categoria": "Dulces Navidad",
    "nombre": "Huevos de chocolate relleno de leche y avellanas Kinder bolsa 200 g",
    "precio_unitario": "4,39 €",
    "precio_por_unidad": "(21,95 €/kg)",
    "imagen": "https://www.dia.es/product_images/41749/41749_ISO_0_ES.jpg?imwidth=392"
  },
  {
    "categoria": "Dulces Navidad",
    "nombre": "Huevo de chocolate con sorpresa Kinder 20 g",
    "precio_unitario": "1,30 €",
    "precio_por_unidad": "(65,00 €/kg)",
    "imagen": "https://www.dia.es/product_images/37008/37008_ISO_0_ES.jpg?imwidth=392"
  },
  {
    "categoria": "Dulces Navidad",
    "nombre": "Láminas de chocolate y menta After Eight Nestlé estuche 200 g",
    "precio_unitario": "3,99 €",
    "precio_por_unidad": "(19,95 €/kg)",
    "imagen": "https://www.dia.es/product_images/3676/3676_ISO_0_ES.jpg?imwidth=392"
  },
  {
    "categoria": "Dulces Navidad",
    "nombre": "Bombones Ferrero Rocher caja 375 g",
    "precio_unitario": "10,59 €",
    "precio_por_unidad": "(28,24 €/kg)",
    "imagen": "https://www.dia.es/product_images/36341/36341_ISO_0_ES.jpg?imwidth=392"
  },
  {
    "categoria": "Dulces Navidad",
    "nombre": "Piruleta chocolate con leche 10 unidades Crest bolsa 150 g",
    "precio_unitario": "3,19 €",
    "precio_por_unidad": "(21,27 €/kg)",
    "imagen": "https://www.dia.es/product_images/35613/35613_ISO_0_ES.jpg?imwidth=392"
  },
  {
    "categoria": "Dulces Navidad",
    "nombre": "Huevo de chocolate maxi con sorpresa Kinder 100 g",
    "precio_unitario": "5,99 €",
    "precio_por_unidad": "(59,90 €/kg)",
    "imagen": "https://www.dia.es/product_images/32789/32789_ISO_0_ES.jpg?imwidth=392"
  },
  {
    "categoria": "Dulces Navidad",
    "nombre": "Mini barritas de galleta recubiertas de chocolate Kit Kat bolsa 200 g",
    "precio_unitario": "2,99 €",
    "precio_por_unidad": "(14,95 €/kg)",
    "imagen": "https://www.dia.es/product_images/30432/30432_ISO_0_ES.jpg?imwidth=392"
  },
  {
    "categoria": "Dulces Navidad",
    "nombre": "Figura de chocolate Kinder 35 g",
    "precio_unitario": "1,15 €",
    "precio_por_unidad": "(32,86 €/kg)",
    "imagen": "https://www.dia.es/product_images/304278/304278_ISO_0_ES.jpg?imwidth=392"
  },
  {
    "categoria": "Dulces Navidad",
    "nombre": "Bombones surtidos gift box Lindt caja 137 g",
    "precio_unitario": "7,49 €",
    "precio_por_unidad": "(54,67 €/kg)",
    "imagen": "https://www.dia.es/product_images/304177/304177_ISO_0_ES.jpg?imwidth=392"
  },
  {
    "categoria": "Dulces Navidad",
    "nombre": "Bombones de chocolate con leche Lindt caja 37 g",
    "precio_unitario": "1,50 €",
    "precio_por_unidad": "(40,54 €/kg)",
    "imagen": "https://www.dia.es/product_images/304176/304176_ISO_0_ES.jpg?imwidth=392"
  },
  {
    "categoria": "Dulces Navidad",
    "nombre": "Figura de chocolate M&M's 100 g",
    "precio_unitario": "3,99 €",
    "precio_por_unidad": "(39,90 €/kg)",
    "imagen": "https://www.dia.es/product_images/304155/304155_ISO_0_ES.jpg?imwidth=392"
  },
  {
    "categoria": "Dulces Navidad",
    "nombre": "Bombones de chocolate con leche caja dorada Suchard caja 127 g",
    "precio_unitario": "4,99 €",
    "precio_por_unidad": "(39,29 €/kg)",
    "imagen": "https://www.dia.es/product_images/303973/303973_ISO_0_ES.jpg?imwidth=392"
  },
  {
    "categoria": "Dulces Navidad",
    "nombre": "Chocolate con leche con pistachos Lacasa 90 g",
    "precio_unitario": "2,99 €",
    "precio_por_unidad": "(33,22 €/kg)",
    "imagen": "https://www.dia.es/product_images/303696/303696_ISO_0_ES.jpg?imwidth=392"
  },
  {
    "categoria": "Dulces Navidad",
    "nombre": "Huevos de chocolate más peluche Nestlé caja 80 g",
    "precio_unitario": "3,99 €",
    "precio_por_unidad": "(49,88 €/kg)",
    "imagen": "https://www.dia.es/product_images/303540/303540_ISO_0_ES.jpg?imwidth=392"
  },
  {
    "categoria": "Dulces Navidad",
    "nombre": "Surtido clásico chocolate negro Pergale caja 114 g",
    "precio_unitario": "2,50 €",
    "precio_por_unidad": "(21,93 €/kg)",
    "imagen": "https://www.dia.es/product_images/303211/303211_ISO_0_ES.jpg?imwidth=392"
  },
  {
    "categoria": "Dulces Navidad",
    "nombre": "Bombones rellenos de dulce de leche 1880 caja 100 g",
    "precio_unitario": "2,99 €",
    "precio_por_unidad": "(29,90 €/kg)",
    "imagen": "https://www.dia.es/product_images/303156/303156_ISO_0_ES.jpg?imwidth=392"
  },
  {
    "categoria": "Dulces Navidad",
    "nombre": "Pasas moscatel sin semillas Naturmundo de Dia bolsa 150 g",
    "precio_unitario": "1,39 €",
    "precio_por_unidad": "(9,27 €/kg)",
    "imagen": "https://www.dia.es/product_images/303085/303085_ISO_0_ES.jpg?imwidth=392"
  },
  {
    "categoria": "Dulces Navidad",
    "nombre": "Almendras garrapiñadas Naturmundo de Dia bolsa 150 g",
    "precio_unitario": "2,29 €",
    "precio_por_unidad": "(15,27 €/kg)",
    "imagen": "https://www.dia.es/product_images/303084/303084_ISO_0_ES.jpg?imwidth=392"
  },
  {
    "categoria": "Dulces Navidad",
    "nombre": "Maíz garrapiñado Naturmundo de Dia bolsa 125 g",
    "precio_unitario": "1,99 €",
    "precio_por_unidad": "(15,92 €/kg)",
    "imagen": "https://www.dia.es/product_images/303083/303083_ISO_0_ES.jpg?imwidth=392"
  },
  {
    "categoria": "Dulces Navidad",
    "nombre": "Calendario de adviento Nestlé Extrafino estuche 85 g",
    "precio_unitario": "4,99 €",
    "precio_por_unidad": "(58,71 €/kg)",
    "imagen": "https://www.dia.es/product_images/303016/303016_ISO_0_ES.jpg?imwidth=392"
  },
  {
    "categoria": "Dulces Navidad",
    "nombre": "Surtido de pralinés Temptation de Dia bolsa 320 g",
    "precio_unitario": "4,50 €",
    "precio_por_unidad": "(14,06 €/kg)",
    "imagen": "https://www.dia.es/product_images/302911/302911_ISO_0_ES.jpg?imwidth=392"
  },
  {
    "categoria": "Dulces Navidad",
    "nombre": "Barquillos bañados en chocolate blanco y turrón de Jijona Dulce Noel Dia caja 280 g",
    "precio_unitario": "4,99 €",
    "precio_por_unidad": "(17,82 €/kg)",
    "imagen": "https://www.dia.es/product_images/302681/302681_ISO_0_ES.jpg?imwidth=392"
  },
  {
    "categoria": "Dulces Navidad",
    "nombre": "Láminas de chocolate con leche y naranja Temptation de Dia caja 100 g",
    "precio_unitario": "2,99 €",
    "precio_por_unidad": "(29,90 €/kg)",
    "imagen": "https://www.dia.es/product_images/302661/302661_ISO_0_ES.jpg?imwidth=392"
  },
  {
    "categoria": "Dulces Navidad",
    "nombre": "Láminas de chocolate negro y trocitos de fresa Temptation de Dia caja 100 g",
    "precio_unitario": "2,99 €",
    "precio_por_unidad": "(29,90 €/kg)",
    "imagen": "https://www.dia.es/product_images/302660/302660_ISO_0_ES.jpg?imwidth=392"
  },
  {
    "categoria": "Dulces Navidad",
    "nombre": "Calendario de adviento mix estrella Kinder caja 149 g",
    "precio_unitario": "7,99 €",
    "precio_por_unidad": "(53,62 €/kg)",
    "imagen": "https://www.dia.es/product_images/297434/297434_ISO_0_ES.jpg?imwidth=392"
  },
  {
    "categoria": "Dulces Navidad",
    "nombre": "Mix de chocolatinas + peluche Nestlé Extrafino caja 140 g (modelos diferentes)",
    "precio_unitario": "9,99 €",
    "precio_por_unidad": "(70,35 €/kg)",
    "imagen": "https://www.dia.es/product_images/295525/295525_ISO_0_ES.jpg?imwidth=392"
  },
  {
    "categoria": "Dulces Navidad",
    "nombre": "Bombones de chocolate Creations Caja Roja Nestlé caja 186 g",
    "precio_unitario": "6,99 €",
    "precio_por_unidad": "(37,58 €/kg)",
    "imagen": "https://www.dia.es/product_images/295439/295439_ISO_0_ES.jpg?imwidth=392"
  },
  {
    "categoria": "Dulces Navidad",
    "nombre": "Bolas de chocolate cremositos Nestlé bolsa 147 g",
    "precio_unitario": "3,29 €",
    "precio_por_unidad": "(22,85 €/kg)",
    "imagen": "https://www.dia.es/product_images/295438/295438_ISO_0_ES.jpg?imwidth=392"
  },
  {
    "categoria": "Dulces Navidad",
    "nombre": "Bombones bestial mix Nestlé caja 187 g",
    "precio_unitario": "5,49 €",
    "precio_por_unidad": "(28,59 €/kg)",
    "imagen": "https://www.dia.es/product_images/295385/295385_ISO_0_ES.jpg?imwidth=392"
  },
  {
    "categoria": "Dulces Navidad",
    "nombre": "Anacardos recubiertos con chocolate con leche Naturmundo de Dia bolsa 150 g",
    "precio_unitario": "2,99 €",
    "precio_por_unidad": "(19,93 €/kg)",
    "imagen": "https://www.dia.es/product_images/294819/294819_ISO_0_ES.jpg?imwidth=392"
  },
  {
    "categoria": "Dulces Navidad",
    "nombre": "Pasas recubiertas con chocolate negro Naturmundo de Dia bolsa 150 g",
    "precio_unitario": "2,99 €",
    "precio_por_unidad": "(19,93 €/kg)",
    "imagen": "https://www.dia.es/product_images/294816/294816_ISO_0_ES.jpg?imwidth=392"
  },
  {
    "categoria": "Dulces Navidad",
    "nombre": "Surtido de chocolatinas Navidad Kinder lata 34 g",
    "precio_unitario": "2,99 €",
    "precio_por_unidad": "(87,94 €/kg)",
    "imagen": "https://www.dia.es/product_images/289502/289502_ISO_0_ES.jpg?imwidth=392"
  },
  {
    "categoria": "Dulces Navidad",
    "nombre": "Bombones surtidos Nestlé Caja Roja caja 43 g",
    "precio_unitario": "1,99 €",
    "precio_por_unidad": "(46,28 €/kg)",
    "imagen": "https://www.dia.es/product_images/289450/289450_ISO_0_ES.jpg?imwidth=392"
  },
  {
    "categoria": "Dulces Navidad",
    "nombre": "Figura de chocolate con leche Papá Noel Milka 45 g",
    "precio_unitario": "1,49 €",
    "precio_por_unidad": "(33,11 €/kg)",
    "imagen": "https://www.dia.es/product_images/288993/288993_ISO_0_ES.jpg?imwidth=392"
  },
  {
    "categoria": "Dulces Navidad",
    "nombre": "Figura de chocolate con leche reyes magos Nestlé 40 g",
    "precio_unitario": "1,49 €",
    "precio_por_unidad": "(37,25 €/kg)",
    "imagen": "https://www.dia.es/product_images/287854/287854_ISO_0_ES.jpg?imwidth=392"
  },
  {
    "categoria": "Dulces Navidad",
    "nombre": "Calendario adviento reyes magos Muller&muller 75 g",
    "precio_unitario": "1,75 €",
    "precio_por_unidad": "(23,33 €/kg)",
    "imagen": "https://www.dia.es/product_images/287565/287565_ISO_0_ES.jpg?imwidth=392"
  },
  {
    "categoria": "Dulces Navidad",
    "nombre": "Pan de higo con almendras Naturmundo de Dia bolsa 200 g",
    "precio_unitario": "2,45 €",
    "precio_por_unidad": "(12,25 €/kg)",
    "imagen": "https://www.dia.es/product_images/286793/286793_ISO_0_ES.jpg?imwidth=392"
  },
  {
    "categoria": "Dulces Navidad",
    "nombre": "Pan de dátil con nueces Naturmundo de Dia bolsa 200 g",
    "precio_unitario": "2,45 €",
    "precio_por_unidad": "(12,25 €/kg)",
    "imagen": "https://www.dia.es/product_images/286792/286792_ISO_0_ES.jpg?imwidth=392"
  },
  {
    "categoria": "Dulces Navidad",
    "nombre": "Almendras con chocolate negro Naturmundo de Dia bolsa 150 g",
    "precio_unitario": "2,99 €",
    "precio_por_unidad": "(19,93 €/kg)",
    "imagen": "https://www.dia.es/product_images/286029/286029_ISO_0_ES.jpg?imwidth=392"
  },
  {
    "categoria": "Dulces Navidad",
    "nombre": "Nuez con chocolate con leche Naturmundo de Dia bolsa 150 g",
    "precio_unitario": "2,99 €",
    "precio_por_unidad": "(19,93 €/kg)",
    "imagen": "https://www.dia.es/product_images/286028/286028_ISO_0_ES.jpg?imwidth=392"
  },
  {
    "categoria": "Dulces Navidad",
    "nombre": "Surtidos dark sublime Nestlé Caja Roja caja 87 g",
    "precio_unitario": "4,75 €",
    "precio_por_unidad": "(54,60 €/kg)",
    "imagen": "https://www.dia.es/product_images/285361/285361_ISO_0_ES.jpg?imwidth=392"
  },
  {
    "categoria": "Dulces Navidad",
    "nombre": "Bombones de chocolate negro con cereza y vodka Ferrero Moncheri caja 157.5 g",
    "precio_unitario": "5,49 €",
    "precio_por_unidad": "(34,86 €/kg)",
    "imagen": "https://www.dia.es/product_images/278328/278328_ISO_0_ES.jpg?imwidth=392"
  },
  {
    "categoria": "Dulces Navidad",
    "nombre": "Calendario de adviento Nickelodeon caja 75 g (modelos diferentes)",
    "precio_unitario": "1,99 €",
    "precio_por_unidad": "(26,53 €/kg)",
    "imagen": "https://www.dia.es/product_images/277527/277527_ISO_0_ES.jpg?imwidth=392"
  },
  {
    "categoria": "Dulces Navidad",
    "nombre": "Gominolas surtidas adorno de navidad Nickelodeon caja 20 g (modelos diferentes)",
    "precio_unitario": "1,99 €",
    "precio_por_unidad": "(99,50 €/kg)",
    "imagen": "https://www.dia.es/product_images/277523/277523_ISO_0_ES.jpg?imwidth=392"
  },
  {
    "categoria": "Dulces Navidad",
    "nombre": "Mini barritas de chocolate con leche Nickelodeon caja 100 g (modelos diferentes)",
    "precio_unitario": "1,79 €",
    "precio_por_unidad": "(17,90 €/kg)",
    "imagen": "https://www.dia.es/product_images/277522/277522_ISO_0_ES.jpg?imwidth=392"
  },
  {
    "categoria": "Dulces Navidad",
    "nombre": "Bombones coffee espresso Pocket coffee caja 225 g",
    "precio_unitario": "5,29 €",
    "precio_por_unidad": "(23,51 €/kg)",
    "imagen": "https://www.dia.es/product_images/277300/277300_ISO_0_ES.jpg?imwidth=392"
  },
  {
    "categoria": "Dulces Navidad",
    "nombre": "Surtido de chocolatinas con leche Navidad Kinder caja 76 g",
    "precio_unitario": "3,49 €",
    "precio_por_unidad": "(45,92 €/kg)",
    "imagen": "https://www.dia.es/product_images/277298/277298_ISO_0_ES.jpg?imwidth=392"
  },
  {
    "categoria": "Dulces Navidad",
    "nombre": "Bombones crocanti de chocolate y avellana Temptation de Dia caja 150 g",
    "precio_unitario": "3,59 €",
    "precio_por_unidad": "(23,93 €/kg)",
    "imagen": "https://www.dia.es/product_images/273493/273493_ISO_0_ES.jpg?imwidth=392"
  },
  {
    "categoria": "Dulces Navidad",
    "nombre": "Barquillo cubierto de chocolate blanco Dulce Noel Dia caja 280 g",
    "precio_unitario": "4,99 €",
    "precio_por_unidad": "(17,82 €/kg)",
    "imagen": "https://www.dia.es/product_images/273441/273441_ISO_0_ES.jpg?imwidth=392"
  },
  {
    "categoria": "Dulces Navidad",
    "nombre": "Barquillo cubierto de chocolate negro Dulce Noel Dia caja 280 g",
    "precio_unitario": "4,99 €",
    "precio_por_unidad": "(17,82 €/kg)",
    "imagen": "https://www.dia.es/product_images/273440/273440_ISO_0_ES.jpg?imwidth=392"
  },
  {
    "categoria": "Dulces Navidad",
    "nombre": "Figura de chocolate con leche santa Kit Kat bolsa 85 g",
    "precio_unitario": "2,19 €",
    "precio_por_unidad": "(25,76 €/kg)",
    "imagen": "https://www.dia.es/product_images/267771/267771_ISO_0_ES.jpg?imwidth=392"
  },
  {
    "categoria": "Dulces Navidad",
    "nombre": "Chocolatina santa Kit Kat bolsa 29 g",
    "precio_unitario": "0,99 €",
    "precio_por_unidad": "(34,14 €/kg)",
    "imagen": "https://www.dia.es/product_images/267770/267770_ISO_0_ES.jpg?imwidth=392"
  },
  {
    "categoria": "Dulces Navidad",
    "nombre": "Surtido de chocolatinas Santa Kit Kat bolsa 132.7 g",
    "precio_unitario": "5,49 €",
    "precio_por_unidad": "(49,91 €/kg)",
    "imagen": "https://www.dia.es/product_images/267752/267752_ISO_0_ES.jpg?imwidth=392"
  },
  {
    "categoria": "Dulces Navidad",
    "nombre": "Barritas de galleta recubiertas de chocolate Kit Kat bolsa 3 x 41.5 g",
    "precio_unitario": "2,59 €",
    "precio_por_unidad": "(20,80 €/kg)",
    "imagen": "https://www.dia.es/product_images/26137/26137_ISO_0_ES.jpg?imwidth=392"
  },
  {
    "categoria": "Dulces Navidad",
    "nombre": "Barritas de chocolate con leche Kinder caja 150 g",
    "precio_unitario": "2,49 €",
    "precio_por_unidad": "(16,60 €/kg)",
    "imagen": "https://www.dia.es/product_images/253602/253602_ISO_0_ES.jpg?imwidth=392"
  },
  {
    "categoria": "Dulces Navidad",
    "nombre": "Figura de chocolate con leche Reyes Magos Kinder 36 g",
    "precio_unitario": "1,99 €",
    "precio_por_unidad": "(55,28 €/kg)",
    "imagen": "https://www.dia.es/product_images/251850/251850_ISO_0_ES.jpg?imwidth=392"
  },
  {
    "categoria": "Dulces Navidad",
    "nombre": "Bombones de chocolate Nestlé Caja Roja caja 3 x 100 g",
    "precio_unitario": "7,98 €",
    "precio_por_unidad": "(26,60 €/kg)",
    "imagen": "https://www.dia.es/product_images/251845/251845_ISO_0_ES.jpg?imwidth=392"
  },
  {
    "categoria": "Dulces Navidad",
    "nombre": "Bastón de caramelo de navidad Midel caja 40 g",
    "precio_unitario": "1,50 €",
    "precio_por_unidad": "(37,50 €/kg)",
    "imagen": "https://www.dia.es/product_images/251795/251795_ISO_0_ES.jpg?imwidth=392"
  },
  {
    "categoria": "Dulces Navidad",
    "nombre": "Pétalos de chocolate con caramelo y sal Temptation de Dia estuche 125 g",
    "precio_unitario": "2,99 €",
    "precio_por_unidad": "(23,92 €/kg)",
    "imagen": "https://www.dia.es/product_images/249501/249501_ISO_0_ES.jpg?imwidth=392"
  },
  {
    "categoria": "Dulces Navidad",
    "nombre": "Pétalos de chocolate con leche Temptation de Dia caja 150 g",
    "precio_unitario": "2,99 €",
    "precio_por_unidad": "(19,93 €/kg)",
    "imagen": "https://www.dia.es/product_images/249495/249495_ISO_0_ES.jpg?imwidth=392"
  },
  {
    "categoria": "Dulces Navidad",
    "nombre": "Pétalos de chocolate negro Temptation de Dia caja 150 g",
    "precio_unitario": "2,99 €",
    "precio_por_unidad": "(19,93 €/kg)",
    "imagen": "https://www.dia.es/product_images/249493/249493_ISO_0_ES.jpg?imwidth=392"
  },
  {
    "categoria": "Dulces Navidad",
    "nombre": "Bombones de chocolate con leche Lindt Lindor caja 75 g",
    "precio_unitario": "3,49 €",
    "precio_por_unidad": "(46,53 €/kg)",
    "imagen": "https://www.dia.es/product_images/241830/241830_ISO_0_ES.jpg?imwidth=392"
  },
  {
    "categoria": "Dulces Navidad",
    "nombre": "Caramelo de goma uvas de la suerte Migueláñez blister 25 g",
    "precio_unitario": "1,50 €",
    "precio_por_unidad": "(60,00 €/kg)",
    "imagen": "https://www.dia.es/product_images/240909/240909_ISO_0_ES.jpg?imwidth=392"
  },
  {
    "categoria": "Dulces Navidad",
    "nombre": "Tejas de almendra de tolosa Casa eceiza caja 70 g",
    "precio_unitario": "2,89 €",
    "precio_por_unidad": "(41,29 €/kg)",
    "imagen": "https://www.dia.es/product_images/240321/240321_ISO_0_ES.jpg?imwidth=392"
  },
  {
    "categoria": "Dulces Navidad",
    "nombre": "Bombones surtidos Nestlé Caja Roja caja 198 g",
    "precio_unitario": "6,49 €",
    "precio_por_unidad": "(32,78 €/kg)",
    "imagen": "https://www.dia.es/product_images/24020/24020_ISO_0_ES.jpg?imwidth=392"
  },
  {
    "categoria": "Dulces Navidad",
    "nombre": "Bombones surtidos Temptation de Dia caja 200 g",
    "precio_unitario": "4,95 €",
    "precio_por_unidad": "(24,75 €/kg)",
    "imagen": "https://www.dia.es/product_images/236267/236267_ISO_0_ES.jpg?imwidth=392"
  },
  {
    "categoria": "Dulces Navidad",
    "nombre": "Figura de chocolate con leche Papá Noel Kinder 75 g",
    "precio_unitario": "2,99 €",
    "precio_por_unidad": "(39,87 €/kg)",
    "imagen": "https://www.dia.es/product_images/227028/227028_ISO_0_ES.jpg?imwidth=392"
  },
  {
    "categoria": "Dulces Navidad",
    "nombre": "Surtido de pastas Dulce Noel Dia lata 400 g",
    "precio_unitario": "5,79 €",
    "precio_por_unidad": "(14,48 €/kg)",
    "imagen": "https://www.dia.es/product_images/222602/222602_ISO_0_ES.jpg?imwidth=392"
  },
  {
    "categoria": "Dulces Navidad",
    "nombre": "Mini barritas de chocolate con leche y avellanas Kinder bolsa 108 g",
    "precio_unitario": "2,99 €",
    "precio_por_unidad": "(27,69 €/kg)",
    "imagen": "https://www.dia.es/product_images/184718/184718_ISO_0_ES.jpg?imwidth=392"
  },
  {
    "categoria": "Dulces Navidad",
    "nombre": "Bombones surtidos pack Lindt Lindor caja 600 g",
    "precio_unitario": "14,99 €",
    "precio_por_unidad": "(24,98 €/kg)",
    "imagen": "https://www.dia.es/product_images/184685/184685_ISO_0_ES.jpg?imwidth=392"
  },
  {
    "categoria": "Dulces Navidad",
    "nombre": "Bombones de chocolate negro con cereza y licor Ferrero Moncheri caja 157.5 g",
    "precio_unitario": "5,49 €",
    "precio_por_unidad": "(34,86 €/kg)",
    "imagen": "https://www.dia.es/product_images/173500/173500_ISO_0_ES.jpg?imwidth=392"
  },
  {
    "categoria": "Dulces Navidad",
    "nombre": "Bombones collection Ferrero caja 168 g",
    "precio_unitario": "8,99 €",
    "precio_por_unidad": "(53,51 €/kg)",
    "imagen": "https://www.dia.es/product_images/146513/146513_ISO_0_ES.jpg?imwidth=392"
  },
  {
    "categoria": "Dulces Navidad",
    "nombre": "Barritas de chocolate blanco y avellanas Kinder bolsa 3 x 39 g",
    "precio_unitario": "3,29 €",
    "precio_por_unidad": "(28,12 €/kg)",
    "imagen": "https://www.dia.es/product_images/144684/144684_ISO_0_ES.jpg?imwidth=392"
  },
  {
    "categoria": "Dulces Navidad",
    "nombre": "Figuras de chocolate festive friends Kit Kat bolsa 147 g",
    "precio_unitario": "3,99 €",
    "precio_por_unidad": "(27,14 €/kg)",
    "imagen": "https://www.dia.es/product_images/144057/144057_ISO_0_ES.jpg?imwidth=392"
  },
  {
    "categoria": "Dulces Navidad",
    "nombre": "Bombones frutos del mar Temptation de Dia caja 250 g",
    "precio_unitario": "3,99 €",
    "precio_por_unidad": "(15,96 €/kg)",
    "imagen": "https://www.dia.es/product_images/137505/137505_ISO_0_ES.jpg?imwidth=392"
  },
  {
    "categoria": "Dulces Navidad",
    "nombre": "Bombones Ferrero Rocher caja 300 g",
    "precio_unitario": "9,49 €",
    "precio_por_unidad": "(31,63 €/kg)",
    "imagen": "https://www.dia.es/product_images/136921/136921_ISO_0_ES.jpg?imwidth=392"
  },
  {
    "categoria": "Dulces Navidad",
    "nombre": "Surtido de navidad La estepeña caja 850 g",
    "precio_unitario": "8,99 €",
    "precio_por_unidad": "(10,58 €/kg)",
    "imagen": "https://www.dia.es/product_images/136798/136798_ISO_0_ES.jpg?imwidth=392"
  },
  {
    "categoria": "Dulces Navidad",
    "nombre": "Bombones Ferrero Rocher caja 200 g",
    "precio_unitario": "6,49 €",
    "precio_por_unidad": "(32,45 €/kg)",
    "imagen": "https://www.dia.es/product_images/13321/13321_ISO_0_ES.jpg?imwidth=392"
  },
  {
    "categoria": "Dulces Navidad",
    "nombre": "Huevos de chocolate relleno de leche y avellanas Kinder bolsa 125 g",
    "precio_unitario": "3,19 €",
    "precio_por_unidad": "(25,52 €/kg)",
    "imagen": "https://www.dia.es/product_images/132928/132928_ISO_0_ES.jpg?imwidth=392"
  },
  {
    "categoria": "Dulces Navidad",
    "nombre": "Figura de Reyes magos de chocolate Riegelein 60 g (modelos diferentes)",
    "precio_unitario": "1,50 €",
    "precio_por_unidad": "(25,00 €/kg)",
    "imagen": "https://www.dia.es/product_images/124947/124947_ISO_0_ES.jpg?imwidth=392"
  },
  {
    "categoria": "Dulces Navidad",
    "nombre": "Huevos de chocolate con sorpresa Kinder estuche 126 g",
    "precio_unitario": "6,69 €",
    "precio_por_unidad": "(53,10 €/kg)",
    "imagen": "https://www.dia.es/product_images/124636/124636_ISO_0_ES.jpg?imwidth=392"
  },
  {
    "categoria": "Dulces Navidad",
    "nombre": "Crema de cacao con avellanas Nutella bote 200 g",
    "precio_unitario": "2,69 €",
    "precio_por_unidad": "(13,45 €/kg)",
    "imagen": "https://www.dia.es/product_images/113078/113078_ISO_0_ES.jpg?imwidth=392"
  },
  {
    "categoria": "Dulces Navidad",
    "nombre": "Barritas de chocolate con leche y avellanas Kinder bolsa 3 x 43 g",
    "precio_unitario": "3,29 €",
    "precio_por_unidad": "(25,50 €/kg)",
    "imagen": "https://www.dia.es/product_images/107473/107473_ISO_0_ES.jpg?imwidth=392"
  },
  {
    "categoria": "Dulces Navidad",
    "nombre": "Bombones rellenos de coco y almendra Ferrero Rafaello bolsa 38 g",
    "precio_unitario": "1,50 €",
    "precio_por_unidad": "(39,47 €/kg)",
    "imagen": "https://www.dia.es/product_images/103229/103229_ISO_0_ES.jpg?imwidth=392"
  },
  {
    "categoria": "Roscones y Panettones",
    "nombre": "Panettone de chocolate Dulce Noel Dia caja 500 g",
    "precio_unitario": "4,29 €",
    "precio_por_unidad": "(8,58 €/kg)",
    "imagen": "https://www.dia.es/product_images/124134/124134_ISO_0_ES.jpg?imwidth=392"
  },
  {
    "categoria": "Roscones y Panettones",
    "nombre": "Panettone de chocolate La hornada Dia bolsa 900 g",
    "precio_unitario": "4,99 €",
    "precio_por_unidad": "(5,54 €/kg)",
    "imagen": "https://www.dia.es/product_images/260752/260752_ISO_0_ES.jpg?imwidth=392"
  },
  {
    "categoria": "Roscones y Panettones",
    "nombre": "Panettone clásico con frutas Dulce Noel Dia caja 500 g",
    "precio_unitario": "4,29 €",
    "precio_por_unidad": "(8,58 €/kg)",
    "imagen": "https://www.dia.es/product_images/62153/62153_ISO_0_ES.jpg?imwidth=392"
  },
  {
    "categoria": "Roscones y Panettones",
    "nombre": "Panettone clásico La hornada Dia bolsa 900 g",
    "precio_unitario": "4,99 €",
    "precio_por_unidad": "(5,54 €/kg)",
    "imagen": "https://www.dia.es/product_images/260753/260753_ISO_0_ES.jpg?imwidth=392"
  },
  {
    "categoria": "Roscones y Panettones",
    "nombre": "Roscón de Reyes premium con nata El Horno Real Dia caja 875 g",
    "precio_unitario": "9,99 €",
    "precio_por_unidad": "(11,10 €/kg)",
    "imagen": "https://www.dia.es/product_images/296874/296874_ISO_0_ES.jpg?imwidth=392"
  },
  {
    "categoria": "Roscones y Panettones",
    "nombre": "Mini panettone de chocolate La hornada Dia bolsa 100 g",
    "precio_unitario": "1,29 €",
    "precio_por_unidad": "(12,90 €/kg)",
    "imagen": "https://www.dia.es/product_images/260757/260757_ISO_0_ES.jpg?imwidth=392"
  },
  {
    "categoria": "Roscones y Panettones",
    "nombre": "Pandoro con chocolate La hornada Dia bolsa 750 g",
    "precio_unitario": "4,99 €",
    "precio_por_unidad": "(6,65 €/kg)",
    "imagen": "https://www.dia.es/product_images/224028/224028_ISO_0_ES.jpg?imwidth=392"
  },
  {
    "categoria": "Roscones y Panettones",
    "nombre": "Pandoro de limón La hornada Dia bolsa 750 g",
    "precio_unitario": "4,99 €",
    "precio_por_unidad": "(6,65 €/kg)",
    "imagen": "https://www.dia.es/product_images/296879/296879_ISO_0_ES.jpg?imwidth=392"
  },
  {
    "categoria": "Roscones y Panettones",
    "nombre": "Mini panettone clásico El molino de Dia bolsa 100 g",
    "precio_unitario": "1,29 €",
    "precio_por_unidad": "(12,90 €/kg)",
    "imagen": "https://www.dia.es/product_images/278086/278086_ISO_0_ES.jpg?imwidth=392"
  },
  {
    "categoria": "Polvorones y mantecados",
    "nombre": "Mantecados de limón La flor de Antequera caja 190 g",
    "precio_unitario": "1,20 €",
    "precio_por_unidad": "(6,32 €/kg)",
    "imagen": "https://www.dia.es/product_images/287734/287734_ISO_0_ES.jpg?imwidth=392"
  },
  {
    "categoria": "Polvorones y mantecados",
    "nombre": "Surtido de mazapanes Dulce Noel Dia caja 300 g",
    "precio_unitario": "2,99 €",
    "precio_por_unidad": "(9,97 €/kg)",
    "imagen": "https://www.dia.es/product_images/25251/25251_ISO_0_ES.jpg?imwidth=392"
  },
  {
    "categoria": "Polvorones y mantecados",
    "nombre": "Figuritas de mazapán Dulce Noel Dia caja 200 g",
    "precio_unitario": "2,09 €",
    "precio_por_unidad": "(10,45 €/kg)",
    "imagen": "https://www.dia.es/product_images/3264/3264_ISO_0_ES.jpg?imwidth=392"
  },
  {
    "categoria": "Polvorones y mantecados",
    "nombre": "Selección de especialidades Dulce Noel Dia bandeja 700 g",
    "precio_unitario": "5,99 €",
    "precio_por_unidad": "(8,56 €/kg)",
    "imagen": "https://www.dia.es/product_images/236265/236265_ISO_0_ES.jpg?imwidth=392"
  },
  {
    "categoria": "Polvorones y mantecados",
    "nombre": "Mantecados de almendra La flor de Antequera caja 190 g",
    "precio_unitario": "1,20 €",
    "precio_por_unidad": "(6,32 €/kg)",
    "imagen": "https://www.dia.es/product_images/287702/287702_ISO_0_ES.jpg?imwidth=392"
  },
  {
    "categoria": "Polvorones y mantecados",
    "nombre": "Mantecados de canela La flor de Antequera caja 190 g",
    "precio_unitario": "1,20 €",
    "precio_por_unidad": "(6,32 €/kg)",
    "imagen": "https://www.dia.es/product_images/287732/287732_ISO_0_ES.jpg?imwidth=392"
  },
  {
    "categoria": "Polvorones y mantecados",
    "nombre": "Mantecados de cacao La flor de Antequera caja 190 g",
    "precio_unitario": "1,20 €",
    "precio_por_unidad": "(6,32 €/kg)",
    "imagen": "https://www.dia.es/product_images/287735/287735_ISO_0_ES.jpg?imwidth=392"
  },
  {
    "categoria": "Polvorones y mantecados",
    "nombre": "Surtido de hojaldradas clásicas y con naranja libro Dulce Noel Dia lata 350 g",
    "precio_unitario": "6,99 €",
    "precio_por_unidad": "(19,97 €/kg)",
    "imagen": "https://www.dia.es/product_images/302669/302669_ISO_0_ES.jpg?imwidth=392"
  },
  {
    "categoria": "Polvorones y mantecados",
    "nombre": "Hojaldrinas Hojaldrina bolsa 400 g",
    "precio_unitario": "4,75 €",
    "precio_por_unidad": "(11,88 €/kg)",
    "imagen": "https://www.dia.es/product_images/125266/125266_ISO_0_ES.jpg?imwidth=392"
  },
  {
    "categoria": "Polvorones y mantecados",
    "nombre": "Hojaldres nevaditos Dulce Noel Dia caja 230 g",
    "precio_unitario": "1,99 €",
    "precio_por_unidad": "(8,65 €/kg)",
    "imagen": "https://www.dia.es/product_images/303231/303231_ISO_0_ES.jpg?imwidth=392"
  },
  {
    "categoria": "Polvorones y mantecados",
    "nombre": "Hojaldrada rellena de crema de cacao La flor de Antequera caja 160 g",
    "precio_unitario": "1,50 €",
    "precio_por_unidad": "(10,71 €/kg)",
    "imagen": "https://www.dia.es/product_images/296367/296367_ISO_0_ES.jpg?imwidth=392"
  },
  {
    "categoria": "Polvorones y mantecados",
    "nombre": "Mini mantecados de mantequilla D.sancho melero caja 160 g",
    "precio_unitario": "2,99 €",
    "precio_por_unidad": "(18,69 €/kg)",
    "imagen": "https://www.dia.es/product_images/303159/303159_ISO_0_ES.jpg?imwidth=392"
  },
  {
    "categoria": "Polvorones y mantecados",
    "nombre": "Mantecados de canela sin gluten Dulce Noel Dia caja 180 g",
    "precio_unitario": "2,99 €",
    "precio_por_unidad": "(16,61 €/kg)",
    "imagen": "https://www.dia.es/product_images/302670/302670_ISO_0_ES.jpg?imwidth=392"
  },
  {
    "categoria": "Polvorones y mantecados",
    "nombre": "Polvorón tradicional La estepeña caja 450 g",
    "precio_unitario": "5,39 €",
    "precio_por_unidad": "(11,98 €/kg)",
    "imagen": "https://www.dia.es/product_images/136828/136828_ISO_0_ES.jpg?imwidth=392"
  },
  {
    "categoria": "Polvorones y mantecados",
    "nombre": "Polvorones Blanco bandeja 500 g",
    "precio_unitario": "4,29 €",
    "precio_por_unidad": "(8,58 €/kg)",
    "imagen": "https://www.dia.es/product_images/198818/198818_ISO_0_ES.jpg?imwidth=392"
  },
  {
    "categoria": "Polvorones y mantecados",
    "nombre": "Surtido de especialidades de almendra La vicaria estuche 600 g",
    "precio_unitario": "5,79 €",
    "precio_por_unidad": "(9,65 €/kg)",
    "imagen": "https://www.dia.es/product_images/136669/136669_ISO_0_ES.jpg?imwidth=392"
  },
  {
    "categoria": "Polvorones y mantecados",
    "nombre": "Surtido de navidad La estepeña caja 850 g",
    "precio_unitario": "8,99 €",
    "precio_por_unidad": "(10,58 €/kg)",
    "imagen": "https://www.dia.es/product_images/136798/136798_ISO_0_ES.jpg?imwidth=392"
  },
  {
    "categoria": "Bodega",
    "nombre": "Sidra espumosa Sidrallero botella 75 cl",
    "precio_unitario": "1,60 €",
    "precio_por_unidad": "(2,13 €/L)",
    "imagen": "https://www.dia.es/product_images/273424/273424_ISO_0_ES.jpg?imwidth=392"
  },
  {
    "categoria": "Bodega",
    "nombre": "Cava semiseco Grand astoria botella 75 cl",
    "precio_unitario": "2,95 €",
    "precio_por_unidad": "(3,93 €/L)",
    "imagen": "https://www.dia.es/product_images/3311/3311_ISO_0_ES.jpg?imwidth=392"
  },
  {
    "categoria": "Bodega",
    "nombre": "Cava brut Grand astoria botella 75 cl",
    "precio_unitario": "2,95 €",
    "precio_por_unidad": "(3,93 €/L)",
    "imagen": "https://www.dia.es/product_images/54531/54531_ISO_0_ES.jpg?imwidth=392"
  },
  {
    "categoria": "Bodega",
    "nombre": "Cava reserva brut nature Grand astoria botella 75 cl",
    "precio_unitario": "4,45 €",
    "precio_por_unidad": "(5,93 €/L)",
    "imagen": "https://www.dia.es/product_images/265217/265217_ISO_0_ES.jpg?imwidth=392"
  },
  {
    "categoria": "Bodega",
    "nombre": "Cava brut nature Grand astoria botella 75 cl",
    "precio_unitario": "3,95 €",
    "precio_por_unidad": "(5,27 €/L)",
    "imagen": "https://www.dia.es/product_images/3310/3310_ISO_0_ES.jpg?imwidth=392"
  },
  {
    "categoria": "Bodega",
    "nombre": "Sidra natural Cortina botella 70 cl",
    "precio_unitario": "2,40 €",
    "precio_por_unidad": "(3,43 €/L)",
    "imagen": "https://www.dia.es/product_images/186871/186871_ISO_0_ES.jpg?imwidth=392"
  },
  {
    "categoria": "Bodega",
    "nombre": "Sidra El gaitero botella 75 cl",
    "precio_unitario": "2,55 €",
    "precio_por_unidad": "(3,40 €/L)",
    "imagen": "https://www.dia.es/product_images/187062/187062_ISO_0_ES.jpg?imwidth=392"
  },
  {
    "categoria": "Bodega",
    "nombre": "Tónica berries Toni Tónico de Dia botella 20 cl",
    "precio_unitario": "0,79 €",
    "precio_por_unidad": "(3,95 €/L)",
    "imagen": "https://www.dia.es/product_images/302938/302938_ISO_0_ES.jpg?imwidth=392"
  },
  {
    "categoria": "Bodega",
    "nombre": "Tónica citrus Toni Tónico de Dia botella 20 cl",
    "precio_unitario": "0,79 €",
    "precio_por_unidad": "(3,95 €/L)",
    "imagen": "https://www.dia.es/product_images/302937/302937_ISO_0_ES.jpg?imwidth=392"
  },
  {
    "categoria": "Bodega",
    "nombre": "Cava semiseco Freixenet Carta Nevada botella 75 cl",
    "precio_unitario": "6,95 €",
    "precio_por_unidad": "(9,27 €/L)",
    "imagen": "https://www.dia.es/product_images/84786/84786_ISO_0_ES.jpg?imwidth=392"
  },
  {
    "categoria": "Bodega",
    "nombre": "Cava semiseco Freixenet Carta Nevada botella 3 x 20 cl",
    "precio_unitario": "6,95 €",
    "precio_por_unidad": "(11,58 €/L)",
    "imagen": "https://www.dia.es/product_images/87666/87666_ISO_0_ES.jpg?imwidth=392"
  },
  {
    "categoria": "Bodega",
    "nombre": "Sidra extra El gaitero botella 75 cl",
    "precio_unitario": "3,30 €",
    "precio_por_unidad": "(4,40 €/L)",
    "imagen": "https://www.dia.es/product_images/187064/187064_ISO_0_ES.jpg?imwidth=392"
  },
  {
    "categoria": "Bodega",
    "nombre": "Cava brut Codorníu Anna botella 75 cl",
    "precio_unitario": "9,35 €",
    "precio_por_unidad": "(12,47 €/L)",
    "imagen": "https://www.dia.es/product_images/46452/46452_ISO_0_ES.jpg?imwidth=392"
  },
  {
    "categoria": "Bodega",
    "nombre": "Cava brut nature Codorníu Anna botella 75 cl",
    "precio_unitario": "9,35 €",
    "precio_por_unidad": "(12,47 €/L)",
    "imagen": "https://www.dia.es/product_images/137101/137101_ISO_0_ES.jpg?imwidth=392"
  },
  {
    "categoria": "Bodega",
    "nombre": "Cava Codorníu botella 3 x 20 cl",
    "precio_unitario": "6,99 €",
    "precio_por_unidad": "(11,65 €/L)",
    "imagen": "https://www.dia.es/product_images/43171/43171_ISO_0_ES.jpg?imwidth=392"
  },
  {
    "categoria": "Bodega",
    "nombre": "Cava brut Freixenet Cordón Negro botella 75 cl",
    "precio_unitario": "7,99 €",
    "precio_por_unidad": "(10,65 €/L)",
    "imagen": "https://www.dia.es/product_images/84932/84932_ISO_0_ES.jpg?imwidth=392"
  },
  {
    "categoria": "Bodega",
    "nombre": "Vino tinto 10 meses D.O. Ribera del Duero Portia botella 75 cl",
    "precio_unitario": "7,69 €",
    "precio_por_unidad": "(10,25 €/L)",
    "imagen": "https://www.dia.es/product_images/303090/303090_ISO_0_ES.jpg?imwidth=392"
  },
  {
    "categoria": "Bodega",
    "nombre": "Vino rosado do rioja Faustino Rivero botella 75 cl",
    "precio_unitario": "3,49 €",
    "precio_por_unidad": "(4,65 €/L)",
    "imagen": "https://www.dia.es/product_images/285520/285520_ISO_0_ES.jpg?imwidth=392"
  },
  {
    "categoria": "Bodega",
    "nombre": "Vino tinto crianza D.O. Rioja Faustino botella 75 cl",
    "precio_unitario": "4,89 €",
    "precio_por_unidad": "(6,52 €/L)",
    "imagen": "https://www.dia.es/product_images/303091/303091_ISO_0_ES.jpg?imwidth=392"
  },
  {
    "categoria": "Bodega",
    "nombre": "Vino blanco D.O. Rueda Verdejo Valderivero botella 75 cl",
    "precio_unitario": "3,95 €",
    "precio_por_unidad": "(5,27 €/L)",
    "imagen": "https://www.dia.es/product_images/303093/303093_ISO_0_ES.jpg?imwidth=392"
  },
  {
    "categoria": "Bodega",
    "nombre": "Cava brut nature Jaume Serra botella 75 cl",
    "precio_unitario": "4,25 €",
    "precio_por_unidad": "(5,67 €/L)",
    "imagen": "https://www.dia.es/product_images/116160/116160_ISO_0_ES.jpg?imwidth=392"
  },
  {
    "categoria": "Bodega",
    "nombre": "Vino blanco Riesling Crysard botella 75 cl",
    "precio_unitario": "3,49 €",
    "precio_por_unidad": "(4,65 €/L)",
    "imagen": "https://www.dia.es/product_images/303021/303021_ISO_0_ES.jpg?imwidth=392"
  },
  {
    "categoria": "Bodega",
    "nombre": "Vino tinto reserva D.O. Rioja López de Haro botella 75 cl",
    "precio_unitario": "7,59 €",
    "precio_por_unidad": "(10,12 €/L)",
    "imagen": "https://www.dia.es/product_images/303019/303019_ISO_0_ES.jpg?imwidth=392"
  },
  {
    "categoria": "Bodega",
    "nombre": "Vino tinto reserva D.O. Rioja Otoñal botella 75 cl",
    "precio_unitario": "4,99 €",
    "precio_por_unidad": "(6,65 €/L)",
    "imagen": "https://www.dia.es/product_images/294410/294410_ISO_0_ES.jpg?imwidth=392"
  },
  {
    "categoria": "Bodega",
    "nombre": "Vino tinto D.O. Ribera del Duero 409 botella 75 cl",
    "precio_unitario": "7,99 €",
    "precio_por_unidad": "(10,65 €/L)",
    "imagen": "https://www.dia.es/product_images/240236/240236_ISO_0_ES.jpg?imwidth=392"
  },
  {
    "categoria": "Bodega",
    "nombre": "Cava brut Vía de la Plata botella 75 cl",
    "precio_unitario": "4,99 €",
    "precio_por_unidad": "(6,65 €/L)",
    "imagen": "https://www.dia.es/product_images/188444/188444_ISO_0_ES.jpg?imwidth=392"
  },
  {
    "categoria": "Surtido Navidad",
    "nombre": "Crema de queso azul con cebolla caramelizada Nuestra Alacena de Dia frasco 110 g",
    "precio_unitario": "1,89 €",
    "precio_por_unidad": "(17,18 €/kg)",
    "imagen": "https://www.dia.es/product_images/295196/295196_ISO_0_ES.jpg?imwidth=392"
  },
  {
    "categoria": "Surtido Navidad",
    "nombre": "Patatas fritas a la sartén sabor queso curado y trufa Snack Maniac de Dia bolsa 130 g",
    "precio_unitario": "1,59 €",
    "precio_por_unidad": "(12,23 €/kg)",
    "imagen": "https://www.dia.es/product_images/303695/303695_ISO_0_ES.jpg?imwidth=392"
  },
  {
    "categoria": "Surtido Navidad",
    "nombre": "Crema de queso curado con aceite de oliva virgen extra Nuestra Alacena de Dia frasco 110 g",
    "precio_unitario": "1,89 €",
    "precio_por_unidad": "(17,18 €/kg)",
    "imagen": "https://www.dia.es/product_images/295194/295194_ISO_0_ES.jpg?imwidth=392"
  },
  {
    "categoria": "Surtido Navidad",
    "nombre": "Mini tostas con arándanos El molino de Dia bolsa 90 g",
    "precio_unitario": "1,19 €",
    "precio_por_unidad": "(13,22 €/kg)",
    "imagen": "https://www.dia.es/product_images/276249/276249_ISO_0_ES.jpg?imwidth=392"
  },
  {
    "categoria": "Surtido Navidad",
    "nombre": "Servilletas Navidad 3 capas La Llama Dia bolsa 20 unidades",
    "precio_unitario": "1,19 €",
    "precio_por_unidad": "(0,06 €/ud)",
    "imagen": "https://www.dia.es/product_images/303014/303014_ISO_0_ES.jpg?imwidth=392"
  },
  {
    "categoria": "Surtido Navidad",
    "nombre": "Crema de gambas al ajillo Nuestra Alacena de Dia frasco 110 g",
    "precio_unitario": "1,89 €",
    "precio_por_unidad": "(17,18 €/kg)",
    "imagen": "https://www.dia.es/product_images/302904/302904_ISO_0_ES.jpg?imwidth=392"
  },
  {
    "categoria": "Surtido Navidad",
    "nombre": "Crema de queso de cabra con anacardos Nuestra Alacena de Dia frasco 110 g",
    "precio_unitario": "1,89 €",
    "precio_por_unidad": "(17,18 €/kg)",
    "imagen": "https://www.dia.es/product_images/295195/295195_ISO_0_ES.jpg?imwidth=392"
  },
  {
    "categoria": "Surtido Navidad",
    "nombre": "Patatas fritas a la sartén sabor salmón y crema Snack Maniac de Dia bolsa 130 g",
    "precio_unitario": "1,59 €",
    "precio_por_unidad": "(12,23 €/kg)",
    "imagen": "https://www.dia.es/product_images/303694/303694_ISO_0_ES.jpg?imwidth=392"
  },
  {
    "categoria": "Surtido Navidad",
    "nombre": "Vela perfumada napolitana roja Navidad Imaqe de Dia 1 unidad",
    "precio_unitario": "2,49 €",
    "precio_por_unidad": "(2,49 €/ud)",
    "imagen": "https://www.dia.es/product_images/301652/301652_ISO_0_ES.jpg?imwidth=392"
  },
  {
    "categoria": "Surtido Navidad",
    "nombre": "Paté de cerdo ibérico con trufa Nuestra Alacena de Dia frasco 110 g",
    "precio_unitario": "1,89 €",
    "precio_por_unidad": "(17,18 €/kg)",
    "imagen": "https://www.dia.es/product_images/302923/302923_ISO_0_ES.jpg?imwidth=392"
  },
  {
    "categoria": "Surtido Navidad",
    "nombre": "Mini tartaletas El molino de Dia bandeja 120 g",
    "precio_unitario": "1,89 €",
    "precio_por_unidad": "(15,75 €/kg)",
    "imagen": "https://www.dia.es/product_images/278038/278038_ISO_0_ES.jpg?imwidth=392"
  },
  {
    "categoria": "Surtido Navidad",
    "nombre": "Vela perfumada caramel salt amarilla Navidad Imaqe de Dia 1 unidad",
    "precio_unitario": "2,49 €",
    "precio_por_unidad": "(2,49 €/ud)",
    "imagen": "https://www.dia.es/product_images/301653/301653_ISO_0_ES.jpg?imwidth=392"
  },
  {
    "categoria": "Surtido Navidad",
    "nombre": "Caldo gourmet con pollo de corral y jamón Al Punto Dia brik 1 l",
    "precio_unitario": "1,99 €",
    "precio_por_unidad": "(1,99 €/L)",
    "imagen": "https://www.dia.es/product_images/295268/295268_ISO_0_ES.jpg?imwidth=392"
  },
  {
    "categoria": "Surtido Navidad",
    "nombre": "Paté de cerdo ibérico con higos Nuestra Alacena de Dia frasco 110 g",
    "precio_unitario": "1,89 €",
    "precio_por_unidad": "(17,18 €/kg)",
    "imagen": "https://www.dia.es/product_images/302924/302924_ISO_0_ES.jpg?imwidth=392"
  },
  {
    "categoria": "Surtido Navidad",
    "nombre": "Mini tostas con aceite de oliva virgen extra El molino de Dia bolsa 90 g",
    "precio_unitario": "1,19 €",
    "precio_por_unidad": "(13,22 €/kg)",
    "imagen": "https://www.dia.es/product_images/276248/276248_ISO_0_ES.jpg?imwidth=392"
  },
  {
    "categoria": "Surtido Navidad",
    "nombre": "Tomate seco en aceite Vegecampo de Dia frasco 110 g",
    "precio_unitario": "2,25 €",
    "precio_por_unidad": "(20,45 €/kg)",
    "imagen": "https://www.dia.es/product_images/286118/286118_ISO_0_ES.jpg?imwidth=392"
  },
  {
    "categoria": "Surtido Navidad",
    "nombre": "Mini tostas redondas Ortiz caja 100 g",
    "precio_unitario": "1,99 €",
    "precio_por_unidad": "(19,90 €/kg)",
    "imagen": "https://www.dia.es/product_images/79814/79814_ISO_0_ES.jpg?imwidth=392"
  },
  {
    "categoria": "Surtido Navidad",
    "nombre": "Placas para canelones El pavo caja 125 g",
    "precio_unitario": "1,28 €",
    "precio_por_unidad": "(10,24 €/kg)",
    "imagen": "https://www.dia.es/product_images/45244/45244_ISO_0_ES.jpg?imwidth=392"
  },
  {
    "categoria": "Surtido Navidad",
    "nombre": "Placas para canelones precocidas El pavo caja 125 g",
    "precio_unitario": "1,46 €",
    "precio_por_unidad": "(11,68 €/kg)",
    "imagen": "https://www.dia.es/product_images/39198/39198_ISO_0_ES.jpg?imwidth=392"
  },
  {
    "categoria": "Surtido Navidad",
    "nombre": "Patatas fritas a la sartén sabor verduras braseadas Snack Maniac de Dia bolsa 130 g",
    "precio_unitario": "1,59 €",
    "precio_por_unidad": "(12,23 €/kg)",
    "imagen": "https://www.dia.es/product_images/303693/303693_ISO_0_ES.jpg?imwidth=392"
  },
  {
    "categoria": "Surtido Navidad",
    "nombre": "Pasta fusilloni Al Diante Dia bolsa 500 g",
    "precio_unitario": "1,89 €",
    "precio_por_unidad": "(3,78 €/kg)",
    "imagen": "https://www.dia.es/product_images/302930/302930_ISO_0_ES.jpg?imwidth=392"
  },
  {
    "categoria": "Surtido Navidad",
    "nombre": "Crema de calamares en su tinta Nuestra Alacena de Dia frasco 110 g",
    "precio_unitario": "1,89 €",
    "precio_por_unidad": "(17,18 €/kg)",
    "imagen": "https://www.dia.es/product_images/302905/302905_ISO_0_ES.jpg?imwidth=392"
  },
  {
    "categoria": "Surtido Navidad",
    "nombre": "Lomos de bacalao en aceite de oliva Mari Marinera de Dia frasco 100 g",
    "precio_unitario": "3,99 €",
    "precio_por_unidad": "(39,90 €/kg)",
    "imagen": "https://www.dia.es/product_images/302894/302894_ISO_0_ES.jpg?imwidth=392"
  },
  {
    "categoria": "Surtido Navidad",
    "nombre": "Garbanzos con bacalao Al Punto Dia frasco 570 g",
    "precio_unitario": "4,49 €",
    "precio_por_unidad": "(7,88 €/kg)",
    "imagen": "https://www.dia.es/product_images/302374/302374_ISO_0_ES.jpg?imwidth=392"
  },
  {
    "categoria": "Surtido Navidad",
    "nombre": "Sobre perfumado canela y naranja Imaqe de Dia bolsa 2 unidades",
    "precio_unitario": "1,99 €",
    "precio_por_unidad": "(1,00 €/ud)",
    "imagen": "https://www.dia.es/product_images/301664/301664_ISO_0_ES.jpg?imwidth=392"
  },
  {
    "categoria": "Surtido Navidad",
    "nombre": "Crema de calabaza Al Punto Dia botella 490 ml",
    "precio_unitario": "2,59 €",
    "precio_por_unidad": "(5,29 €/L)",
    "imagen": "https://www.dia.es/product_images/295272/295272_ISO_0_ES.jpg?imwidth=392"
  },
  {
    "categoria": "Surtido Navidad",
    "nombre": "Crema de puerros Al Punto Dia frasco 500 ml",
    "precio_unitario": "2,59 €",
    "precio_por_unidad": "(5,29 €/L)",
    "imagen": "https://www.dia.es/product_images/295243/295243_ISO_0_ES.jpg?imwidth=392"
  },
  {
    "categoria": "Surtido Navidad",
    "nombre": "Patatas fritas a la sartén sabor caramelo y sal Snack Maniac de Dia bolsa 130 g",
    "precio_unitario": "1,59 €",
    "precio_por_unidad": "(12,23 €/kg)",
    "imagen": "https://www.dia.es/product_images/294774/294774_ISO_0_ES.jpg?imwidth=392"
  },
  {
    "categoria": "Surtido Navidad",
    "nombre": "Patatas fritas a la sartén sabor jamón ibérico Snack Maniac de Dia bolsa 130 g",
    "precio_unitario": "1,59 €",
    "precio_por_unidad": "(12,23 €/kg)",
    "imagen": "https://www.dia.es/product_images/286996/286996_ISO_0_ES.jpg?imwidth=392"
  },
  {
    "categoria": "Surtido Navidad",
    "nombre": "Aceitunas gordal Vegecampo de Dia frasco 220 g",
    "precio_unitario": "2,45 €",
    "precio_por_unidad": "(12,25 €/kg)",
    "imagen": "https://www.dia.es/product_images/286961/286961_ISO_0_ES.jpg?imwidth=392"
  },
  {
    "categoria": "Surtido Navidad",
    "nombre": "Sal y algas Toque frasco 80 g",
    "precio_unitario": "1,99 €",
    "precio_por_unidad": "(24,88 €/kg)",
    "imagen": "https://www.dia.es/product_images/286959/286959_ISO_0_ES.jpg?imwidth=392"
  },
  {
    "categoria": "Surtido Navidad",
    "nombre": "Rooibos y pétalos de girasol Tetería de Dia caja 12 unidades",
    "precio_unitario": "1,89 €",
    "precio_por_unidad": "(0,16 €/ud)",
    "imagen": "https://www.dia.es/product_images/286151/286151_ISO_0_ES.jpg?imwidth=392"
  },
  {
    "categoria": "Surtido Navidad",
    "nombre": "Frutos rojos con hibisco Tetería de Dia caja 12 unidades",
    "precio_unitario": "1,89 €",
    "precio_por_unidad": "(0,16 €/ud)",
    "imagen": "https://www.dia.es/product_images/286150/286150_ISO_0_ES.jpg?imwidth=392"
  },
  {
    "categoria": "Surtido Navidad",
    "nombre": "Té negro sabor vainilla y caramelo Tetería de Dia caja 12 unidades",
    "precio_unitario": "1,89 €",
    "precio_por_unidad": "(0,16 €/ud)",
    "imagen": "https://www.dia.es/product_images/286149/286149_ISO_0_ES.jpg?imwidth=392"
  },
  {
    "categoria": "Surtido Navidad",
    "nombre": "Pepperoncini rellenos de queso Vegecampo de Dia frasco 170 g",
    "precio_unitario": "3,99 €",
    "precio_por_unidad": "(23,47 €/kg)",
    "imagen": "https://www.dia.es/product_images/286137/286137_ISO_0_ES.jpg?imwidth=392"
  },
  {
    "categoria": "Surtido Navidad",
    "nombre": "Pochas cocidas Vegecampo de Dia frasco 450 g",
    "precio_unitario": "3,69 €",
    "precio_por_unidad": "(8,20 €/kg)",
    "imagen": "https://www.dia.es/product_images/286121/286121_ISO_0_ES.jpg?imwidth=392"
  },
  {
    "categoria": "Surtido Navidad",
    "nombre": "Setas nameko Vegecampo de Dia frasco 170 g",
    "precio_unitario": "1,99 €",
    "precio_por_unidad": "(11,71 €/kg)",
    "imagen": "https://www.dia.es/product_images/286097/286097_ISO_0_ES.jpg?imwidth=392"
  },
  {
    "categoria": "Surtido Navidad",
    "nombre": "Crema de verduras Al Punto Dia frasco 500 ml",
    "precio_unitario": "2,59 €",
    "precio_por_unidad": "(5,29 €/L)",
    "imagen": "https://www.dia.es/product_images/286077/286077_ISO_0_ES.jpg?imwidth=392"
  },
  {
    "categoria": "Surtido Navidad",
    "nombre": "Crema de hongos Al Punto Dia frasco 500 ml",
    "precio_unitario": "2,59 €",
    "precio_por_unidad": "(5,29 €/L)",
    "imagen": "https://www.dia.es/product_images/286075/286075_ISO_0_ES.jpg?imwidth=392"
  },
  {
    "categoria": "Surtido Navidad",
    "nombre": "Crema de espárragos Nuestra Alacena de Dia frasco 110 g",
    "precio_unitario": "1,89 €",
    "precio_por_unidad": "(17,18 €/kg)",
    "imagen": "https://www.dia.es/product_images/285930/285930_ISO_0_ES.jpg?imwidth=392"
  },
  {
    "categoria": "Surtido Navidad",
    "nombre": "Crema de alcachofas Nuestra Alacena de Dia frasco 110 g",
    "precio_unitario": "1,89 €",
    "precio_por_unidad": "(17,18 €/kg)",
    "imagen": "https://www.dia.es/product_images/285929/285929_ISO_0_ES.jpg?imwidth=392"
  },
  {
    "categoria": "Surtido Navidad",
    "nombre": "Crema de pimientos del piquillo Nuestra Alacena de Dia frasco 110 g",
    "precio_unitario": "1,89 €",
    "precio_por_unidad": "(17,18 €/kg)",
    "imagen": "https://www.dia.es/product_images/285928/285928_ISO_0_ES.jpg?imwidth=392"
  },
  {
    "categoria": "Surtido Navidad",
    "nombre": "Sal negra Toque frasco 100 g",
    "precio_unitario": "1,99 €",
    "precio_por_unidad": "(24,88 €/kg)",
    "imagen": "https://www.dia.es/product_images/278586/278586_ISO_0_ES.jpg?imwidth=392"
  },
  {
    "categoria": "Surtido Navidad",
    "nombre": "Mini vol au vent El molino de Dia bandeja 72 g",
    "precio_unitario": "1,89 €",
    "precio_por_unidad": "(26,25 €/kg)",
    "imagen": "https://www.dia.es/product_images/278039/278039_ISO_0_ES.jpg?imwidth=392"
  },
  {
    "categoria": "Surtido Navidad",
    "nombre": "Sal rosa y pimienta negra Toque frasco 90 g",
    "precio_unitario": "1,99 €",
    "precio_por_unidad": "(24,88 €/kg)",
    "imagen": "https://www.dia.es/product_images/275954/275954_ISO_0_ES.jpg?imwidth=392"
  },
  {
    "categoria": "Surtido Navidad",
    "nombre": "Patatas fritas sabor trufa Snack Maniac de Dia bolsa 130 g",
    "precio_unitario": "1,59 €",
    "precio_por_unidad": "(12,23 €/kg)",
    "imagen": "https://www.dia.es/product_images/274029/274029_ISO_0_ES.jpg?imwidth=392"
  },
  {
    "categoria": "Surtido Navidad",
    "nombre": "Setas shitake Vegecampo de Dia frasco 170 g",
    "precio_unitario": "1,99 €",
    "precio_por_unidad": "(11,71 €/kg)",
    "imagen": "https://www.dia.es/product_images/183641/183641_ISO_0_ES.jpg?imwidth=392"
  },
  {
    "categoria": "Surtido Navidad",
    "nombre": "Espárragos blancos igp de navarra Delicias de Dia frasco 325 g",
    "precio_unitario": "6,69 €",
    "precio_por_unidad": "(20,58 €/kg)",
    "imagen": "https://www.dia.es/product_images/183420/183420_ISO_0_ES.jpg?imwidth=392"
  },
  {
    "categoria": "Surtido Navidad",
    "nombre": "Mini biscotes con arándanos Ortiz bolsa 90 g",
    "precio_unitario": "1,99 €",
    "precio_por_unidad": "(22,11 €/kg)",
    "imagen": "https://www.dia.es/product_images/150996/150996_ISO_0_ES.jpg?imwidth=392"
  },
  {
    "categoria": "Surtido Navidad",
    "nombre": "Mini tostadas rectangulares Ortiz caja 100 g",
    "precio_unitario": "1,99 €",
    "precio_por_unidad": "(19,90 €/kg)",
    "imagen": "https://www.dia.es/product_images/104447/104447_ISO_0_ES.jpg?imwidth=392"
  }
]